1945 3073
726 84 874 128 Kapitel
899 83 985 118 XIX
1012 86 1031 124 ἓ
1058 83 1113 119 55.
1613 74 1694 117 ‘2530

160 203 237 253 leg.
270 215 352 252 agr.
386 201 423 237 II
455 200 480 251 ξ
503 202 553 239 79
585 201 779 238 contemni
810 199 1054 235 maiestatem
1085 195 1221 247 populi
1244 195 1356 232 Rom.
1386 187 1619 244 patiemini?
1649 211 1692 217 —-

160 268 229 309 nisi
257 267 323 308 hoc
352 263 466 320 modo]
500 283 554 302 z
585 267 617 304 si
646 266 721 303 hoc
759 279 836 302 non
868 271 944 312 est,
985 264 1056 299 wie
1089 262 1170 300 Cic.
1202 261 1315 299 Verr.
1347 260 1407 296 III
1439 262 1461 310 ξ
1494 261 1541 297 71
1575 257 1694 309 quid

161 341 236 373 est
267 333 403 371 aliud
437 347 576 384 capere
608 332 818 370 conciliare
838 330 1036 381 pecunias,
1069 329 1106 366 si
1138 328 1228 364 hoc
1258 342 1282 364 n
1297 340 1353 363 on
1383 333 1475 376 est,
1506 326 1543 362 vi
1576 331 1693 375 atque

159 402 322 451 imperio
354 413 496 447 cogere
527 399 670 436 invitos
699 398 850 435 lucrum
885 396 978 433 dare
1017 392 1160 432 alteri?
1207 392 1284 431 Off.
1318 393 1376 429 ΙΙΙ
1424 393 1449 442 ξ
1479 392 1530 430 55
1575 390 1695 442 quid

160 473 236 504 est
267 467 392 504 enim
424 466 566 502 aliud
598 465 743 502 erranti
774 464 876 500 viam
906 477 984 501 non
1015 468 1251 507 monstrare,
1292 461 1330 496 si
1366 458 1457 495 hoc
1488 472 1580 495 non
1611 463 1696 504 est,

160 538 373 583 emptorem
422 533 503 582 pati
542 545 667 570 ruere.
728 529 953 567 Manchmal
990 530 1039 565 ist
1077 528 1173 565 nisi
1212 526 1485 576 ausgelassen,
1533 538 1573 561 so
1614 523 1694 562 Pis.

159 599 184 649 ἓ
212 601 264 637 47
296 598 414 649 quid
454 606 528 635 est
571 597 715 635 aliud
760 593 958 634 furere?
1008 609 1103 632 non
1153 606 1463 643 cognoscere
1506 591 1695 636 homines,

158 680 235 704 non
281 678 519 715 cognoscere
549 665 657 714 leges
689 670 760 702 etc.
820 662 1008 700 Dieselbe
1039 659 1256 709 W'endung
1294 661 1365 696 wie
1403 672 1437 695 a.
1470 671 1506 696 u.
1540 657 1597 694 St.
1629 670 1695 706 ge·

159 732 326 769 braucht
355 731 436 769 Cic.
470 730 555 769 Cat.
589 731 641 767 M.
676 731 700 780 ξ
732 733 754 768 ἔ)
803 729 920 781 quid
963 736 1036 766 est
1075 728 1207 765 enim
1250 725 1387 763 aliud
1422 724 1696 774 Gigantum

157 799 295 837 modo
343 798 492 836 bellare
537 811 623 834 cum
667 797 726 833 dis
773 797 870 833 nisi
911 802 1076 832 naturae
1114 793 1369 844 repugnare?
1413 791 1492 828 und
1532 790 1645 827 Verr.
1680 789 1696 824 Ι

158 866 182 915 ἓ
215 867 291 903 128
324 865 442 916 quid
475 870 547 902 est
577 863 721 901 aliud
754 863 933 900 omnibus
966 861 1096 899 omnia
1138 866 1301 910 peccata
1342 858 1557 896 concedere
1597 857 1697 894 nisi

157 932 268 981 hoc,
303 931 611 970 ..testimoniis
645 943 814 970 ..non
847 926 1090 967 credere?
1119 950 1172 954 —-
1202 939 1269 967 11011
1294 925 1393 966 modo
1414 938 1483 966 11011
1516 955 1523 962 .
1559 954 1566 962 .
1601 957 1607 963 .
1638 936 1696 965 vc-

158 1011 233 1039 rum
265 1010 308 1038 lle
340 1030 346 1036 .
381 1027 388 1034 .
422 1025 430 1034 .
463 994 611 1051 quidem]
645 997 765 1034 Diese
797 995 955 1032 Formel
986 994 1107 1032 findet
1138 994 1220 1031 sich
1257 1007 1330 1030 nur
1373 993 1473 1030 noch
1514 991 1627 1029 3mal
1660 991 1697 1026 111

159 1064 234 1102 den
267 1063 569 1101 Ciceronischen
603 1062 822 1101 Schriften:
854 1061 933 1110 leg.
965 1075 1047 1111 agr.
1090 1061 1120 1112 Ι,
1162 1063 1232 1108 17;
1274 1074 1334 1111 ep.
1368 1060 1446 1098 Att.
1488 1059 1517 1109 Ι,
1556 1059 1620 1108 11,
1653 1058 1697 1104 13

155 1144 238 1182 rep.
271 1130 331 1167 ΙΙΙ
362 1130 386 1180 ξ
416 1131 491 1178 423
532 1129 612 1179 vgl.
644 1128 744 1166 auch
776 1128 800 1179 ξ
833 1131 883 1167 65
914 1128 978 1164 fin.

267 1195 482 1246 Inimicitias]
515 1195 773 1233 Feindschaft
803 1200 907 1232 ware
941 1194 1041 1231 doch
1070 1194 1170 1231 noch
1203 1194 1264 1230 ein
1296 1192 1448 1230 edlcres
1474 1191 1597 1228 Motiv
1627 1203 1696 1226 zur
1727 1189 1834 1240 §55

158 1263 344 1314 Anklage
376 1263 432 1300 als
465 1262 528 1300 die
559 1262 731 1300 schn‘ode
757 1261 1052 1300 Gewinnsueht.
1083 1284 1133 1288 —
1164 1259 1247 1311 huc]
1280 1259 1359 1308 vgl.
1393 1260 1417 1309 ξ
1451 1260 1499 1297 61
1532 1258 1620 1294 hue
1652 1270 1698 1293 ea

158 1343 227 1381 Spe
255 1331 432 1378 venisse,
464 1330 488 1379 ξ
519 1330 573 1367 80
602 1329 696 1366 huc
726 1328 958 1374 adductumg
992 1327 1137 1364 andere
1168 1326 1276 1364 lesen
1307 1326 1440 1372 huic,
1472 1339 1502 1364 S,
1535 1324 1572 1361 d.
1605 1323 1697 1360 krit.

158 1397 344 1446 Anhang.
378 1419 426 1424 —-
466 1394 646 1448 inimicus]
683 1411 735 1430 z
766 1396 896 1432 animo
926 1394 1084 1430 inimico
1115 1393 1186 1430 wie
1219 1392 1332 1430 Verr.
1367 1392 1404 1428 Il
1437 1392 1461 1442 ξ
1489 1393 1564 1429 149
1596 1389 1699 1427 steht

160 1462 265 1514 quod
297 1475 362 1500 eos
394 1462 595 1499 infenso
628 1462 794 1499 animo
835 1467 952 1512 atque
983 1461 1194 1498 inimico
1226 1462 1428 1497 venisse
1461 1458 1611 1495 dicatis.
1646 1480 1696 1484 ——

159 1527 304 1569 huiusce
333 1526 503 1582 pecunia]
542 1528 682 1578 Vg1.§
708 1529 780 1577 3ος
810 1528 1011 1565 Hotmaun
1043 1541 1079 1566 u.
1112 1541 1147 1564 a.
1181 1527 1358 1576 bezogen
1391 1526 1599 1562 huiusce
1631 1524 1702 1560 auf

157 1594 323 1632 Roscius
354 1595 536 1644 Magnus.
573 1618 616 1622 ψ
661 1593 742 1648 quid
771 1607 855 1647 ergo
885 1592 980 1646 essi]
1015 1608 1041 1632 S
1074 1608 1106 1632 z.
1138 1594 1162 1644 ξ
1196 1595 1260 1632 36.
1298 1617 1341 1620 -
1388 1590 1452 1647 ita]
1486 1591 1696 1629 beschran-

158 1660 278 1708 kend,
310 1661 380 1697 wie
411 1661 542 1710 gleich
572 1662 646 1698 hoc
677 1662 744 1698 ita
774 1669 831 1698 est
863 1661 972 1697 utile.
1005 1683 1054 1688 —
1086 1659 1207 1700 horum
1239 1656 1545 1713 existimationem]
1578 1657 1696 1696 nami,

160 1740 237 1764 was
269 1727 331 1764 die
352 1727 515 1765 Richter
545 1741 621 1765 von
653 1727 712 1764 dir
744 1727 913 1773 denkeu,
946 1727 994 1764 cf.
1027 1727 1176 1765 Verr.I
1210 1727 1234 1776 ξ
1253 1727 1303 1765 87
1337 1727 1368 1763 si
1398 1733 1435 1763 te
1466 1724 1697 1775 magnitudo

159 1793 363 1842 maleficii,
409 1795 441 1830 si
484 1794 731 1831 hominum
764 1794 1079 1831 existimatio
1117 1806 1195 1830 non
1239 1792 1435 1831 movebat.
1479 1814 1530 1818 —
1584 1790 1697 1842 legem

157 1858 362 1915 Remmiam]
411 1860 492 1910 vgi.
524 1861 639 1898 hiezu
683 1861 757 1898 den
791 1860 921 1897 Schol.
956 1860 1033 1896 und
1068 1859 1299 1909 Einleitung
1329 1873 1365 1909 p.
1399 1860 1434 1897 5.
1498 1858 1603 1907 „Fur
1635 1857 1697 1893 dic

159 1926 222 1963 lex
254 1927 434 1963 Remmia
476 1927 527 1964 ist
574 1941 714 1965 unsere
745 1927 867 1964 Stelle
911 1926 1140 1976 verglichen
1184 1927 1254 1963 mit
1299 1925 1385 1963 dem
1421 1924 1581 1962 Schluss
1621 1937 1698 1961 von

161 2006 246 2043 cap.
278 1994 332 2031 20
376 1993 439 2030 die
470 1993 741 2044 Hauptqueile
787 1993 863 2030 und
910 1993 1011 2029 wohl
1057 1993 1126 2029 mit
1157 1992 1378 2030 Sicherheit
1415 1990 1698 2038 anzunehmen7

161 2058 250 2095 dass
282 2059 458 2097 dieselbe
490 2060 560 2096 auf
587 2060 837 2097 calumnia
870 2060 932 2097 die
954 2059 1084 2096 Strafe
1117 2058 1186 2094 der
1208 2057 1543 2107 Brandmarkung
1563 2064 1697 2104 setzte,

160 2125 291 2162 indem
323 2125 410 2162 dem
443 2126 780 2163 calumniator
810 2127 871 2163 ein
897 2126 935 2162 K
968 2126 1024 2175 (K
1038 2124 1270 2172 alumnia)
1302 2138 1373 2161 vor
1404 2123 1467 2161 die
1493 2123 1598 2160 Stirn
1630 2136 1696 2172 ge-

161 2191 305 2229 brannt
333 2193 491 2230 werden
523 2192 638 2230 sollte
683 2190 727 2247 [s.
761 2193 797 2232 d.
828 2193 930 2229 Note
963 2206 1009 2228 zu
1041 2192 1065 2241 ξ
1098 2189 1178 2243 571,
1238 2190 1283 2227 In
1317 2191 1453 2240 Bezug
1492 2190 1563 2226 auf
1590 2189 1697 2226 diese

162 2257 291 2296 Strafe
320 2265 442 2296 neunt
472 2258 671 2309 Papinian
712 2260 749 2295 in
782 2259 903 2309 Digg.
944 2258 1091 2305 XXII,
1135 2259 1182 2305 5,
1230 2258 1278 2294 13
1325 2257 1440 2294 einen
1472 2255 1698 2305 Menschen7

162 2323 230 2360 der
277 2324 358 2361 sich
401 2338 478 2362 von
525 2325 721 2362 calumnia
766 2325 837 2362 frei
875 2325 1060 2374 gehaiten
1101 2324 1188 2362 hat:
1237 2324 1471 2372 integrae
1516 2323 1697 2359 frontis

161 2389 322 2439 homo,
366 2391 446 2428 und
476 2391 580 2431 Plin.
611 2391 750 2442 Paneg
796 2393 858 2439 35,
890 2392 913 2428 3
945 2390 1138 2428 schreibt:
1184 2403 1348 2441 meque,
1390 2396 1432 2426 ut
1462 2395 1599 2436 antea,
1631 2402 1696 2425 ex-

163 2468 350 2506 sanguem
389 2457 498 2494 illam
542 2463 579 2495 ct
624 2458 794 2495 ferream
836 2458 1005 2495 frontem
1035 2455 1304 2508 nequidquam
1337 2455 1696 2493 convulnerandam

162 2522 376 2572 praebeant
418 2524 571 2574 punctis
612 2530 649 2561 et
679 2532 791 2561 notas
831 2537 920 2561 suas
966 2523 1148 2560 rideant‘.
1208 2523 1330 2572 Digg.
1363 2523 1428 2569 48,
1462 2524 1524 2569 16,
1557 2524 1575 2558 1
1620 2521 1697 2570 §2

163 2586 522 2626 Calumniatoribus
555 2603 683 2640 poena
726 2590 813 2639 lege
845 2590 1024 2627 Remmia
1053 2590 1264 2639 irrogatur.
1322 2588 1415 2637 Vgl.
1450 2588 1697 2624 Brencmann

141 2652 212 2692 ‚de
241 2654 331 2704 lege
360 2655 539 2693 Remmia
577 2656 633 2706 (in
665 2655 821 2694 Ottonis
853 2657 972 2692 Thes.
1014 2657 1087 2692 iur.
1119 2655 1166 2692 T.
1202 2652 1294 2705 ΙΙΙ).
1356 2653 1618 2690 Calumnia
1649 2654 1698 2689 ist

164 2719 201 2755 in
233 2719 302 2757 der
332 2720 647 2772 Rechtssprache
678 2722 901 2772 uberhaupt
933 2721 996 2758 die
1027 2720 1450 2768 Rechtsverdrehung,
1482 2718 1696 2755 besonders

164 2784 258 2822 aber
287 2799 376 2822 vom
406 2786 655 2838 boswilligen
685 2787 892 2836 Ankliiger
922 2787 1153 2836 gebraucht.
1187 2785 1303 2822 Pauli
1334 2784 1372 2822 S.
1404 2785 1450 2821 R.
1484 2784 1512 2832 Ι,
1547 2787 1568 2822 5
1603 2785 1695 2833 gl:

164 2849 438 2908 Calumniosus
470 2859 527 2890 est
557 2854 624 2904 qui
655 2854 824 2889 sciens
855 2852 1179 2904 prudensque
1210 2853 1411 2902 negotium
1439 2851 1555 2888 alicui
1594 2864 1695 2887 com-
