1820 3068
518 605 588 651 M.
625 606 855 650 TULLII
889 605 1248 650 CICERONIS

139 690 261 747 PRO
303 689 434 747 SEX.
465 690 683 746 ROSCIO
712 689 985 746 AMERlNO
1020 689 1238 746 ORATIO
1271 689 1346 745 Al)
1381 690 1634 747 lUDlCES.

249 906 280 948 I.
312 905 447 948 Credo
478 919 557 960 ego
589 919 674 957 vos,
706 906 880 957 iudices,
912 905 1066 958 mirari,
1099 906 1197 958 quid
1228 906 1280 947 sit
1307 907 1431 959 quod,
1463 921 1553 949 eum
1577 912 1666 950 tot1

141 973 289 1014 summi
321 978 509 1029 oratores
541 973 813 1025 hominesque
844 972 1091 1013 nobilissimi
1125 972 1318 1025 sedeant,
1358 987 1437 1027 ego
1469 975 1635 1028 potissi-

140 1052 251 1080 mum
282 1040 553 1092 surrexerim,
581 1039 650 1092 qui
680 1053 815 1092 neque
846 1044 983 1080 aetate
1014 1051 1147 1092 neque
1176 1039 1345 1093 ingenio
1376 1053 1511 1093 neque
1542 1055 1637 1084 auc-

238 1137 380 1173 Testim.
407 1141 474 1172 vet.

235 1199 254 1239 ξ
282 1197 314 1231 1.
363 1195 570 1231 Diomed.
606 1205 665 1230 ars
695 1204 846 1240 gramm.
875 1195 891 1229 I
916 1204 952 1237 p.
980 1195 1064 1236 389,
1101 1195 1121 1230 9
1148 1194 1191 1229 Κ.
1219 1195 1329 1230 credo
1368 1206 1448 1239 vos,
1486 1197 1638 1242 iudices,

140 1255 280 1299 mirari,
313 1254 362 1289 ib.
389 1266 423 1300 p.
451 1256 536 1297 393,
563 1257 608 1291 23
635 1253 747 1289 credo
775 1264 844 1298 ego
872 1263 958 1295 vos,
999 1253 1163 1297 iudices,
1199 1254 1320 1289 mirari
1354 1256 1442 1299 quid
1468 1256 1515 1291 sit
1542 1257 1640 1301 quod

141 1324 212 1359 ego
239 1314 468 1357 potissimum
506 1313 744 1357 surrexerim,
779 1313 827 1347 ib.
854 1322 889 1355 p.
917 1313 1006 1356 395,
1033 1312 1077 1347 18
1103 1312 1227 1355 ,credo
1266 1323 1337 1358 ego
1363 1324 1452 1355 vos,
1486 1315 1640 1358 iudices,

140 1372 263 1407 mirari
291 1372 378 1417 quid
403 1373 451 1408 sit
476 1371 588 1417 quod,
616 1382 694 1406 cum
721 1374 776 1406 tot
802 1371 931 1406 summi
958 1375 1124 1406 oratores
1151 1371 1390 1417 hominesque
1423 1373 1643 1409 nobilissimi

140 1431 308 1474 sedeant,
336 1442 407 1476 ego
433 1431 662 1476 potissimum
689 1430 937 1473 surrexerim,
964 1440 1038 1465 non
1066 1430 1159 1465 dixit
1187 1431 1298 1467 credo
1326 1443 1394 1467 vos
1412 1433 1534 1467 mirari
1553 1433 1641 1478 quid

141 1491 190 1526 sit
215 1490 316 1535 quod
341 1491 502 1531 surrexi,
546 1490 645 1535 quod
672 1494 729 1526 est
754 1489 972 1524 idiotismos.
1001 1509 1043 1514 -—
1091 1490 1274 1525 Dosith.
1310 1501 1369 1526 ars
1398 1502 1546 1536 gramm.
1574 1493 1641 1528 VII

139 1559 175 1593 p.
201 1550 289 1591 420,
315 1550 359 1585 16
386 1549 430 1585 Κ.
457 1549 567 1584 eredo
594 1560 661 1584 vos
688 1549 830 1592 mirari,
873 1548 960 1592 quid
987 1549 1035 1583 sit
1069 1548 1167 1592 quod
1204 1559 1275 1594 ego
1309 1551 1539 1594 potissimum
1566 1562 1641 1586 sur-

139 1608 308 1643 rexerim.
341 1627 376 1632 —
429 1607 680 1643 Schemata
707 1607 936 1642 dianoeas
963 1618 997 1651 p.
1024 1609 1081 1648 73,
1106 1609 1148 1643 17
1174 1608 1215 1642 Η.
1248 1607 1360 1652 (rhet.
1382 1610 1486 1654 min.)
1515 1613 1641 1644 Αἰτιο-

140 1668 248 1713 λογία
276 1672 343 1711 est,
370 1678 450 1702 cum
473 1676 621 1701 causam
649 1666 805 1701 alicuius
831 1667 882 1701 rei
909 1672 944 1702 et
970 1666 1150 1701 rationem
1177 1666 1386 1711 subicimus,
1412 1672 1453 1703 ut
1471 1676 1527 1704 est
1543 1669 1643 1713 apud

141 1726 355 1762 Ciceronem
380 1736 448 1770 pro
473 1726 631 1761 Roscio:
660 1726 728 1768 ,Ita
754 1722 796 1760 fit
821 1730 861 1760 ut
889 1725 1011 1760 adsint
1037 1730 1249 1770 propterea,
1278 1727 1378 1772 quod
1404 1726 1568 1762 officium
1585 1739 1641 1763 se—

142 1790 312 1831 quuntur,
338 1790 488 1821 taceant
514 1789 645 1828 autem,
676 1785 763 1829 quia
789 1785 993 1829 periculum
1021 1786 1162 1821 vitant.‘

237 1844 356 1879 Schol.
387 1844 544 1880 Gronov.

235 1904 330 1949 Kap.
363 1904 379 1938 I
417 1907 436 1946 ξ
468 1905 487 1939 1
529 1902 679 1938 Credo
720 1902 819 1947 ego]
863 1902 1102 1938 Pleonasmos
1141 1906 1198 1938 est
1225 1903 1260 1937 in
1288 1903 1515 1947 elocutione,
1558 1914 1642 1939 nam

143 1973 251 2008 quum
279 1962 434 1998 dixisset
458 1962 566 1997 cred
580 1972 619 2005 o,
648 1961 785 1996 adiecit
811 1971 908 2005 ego.

236 2020 412 2066 Mirari]
439 2021 550 2056 Modo
570 2020 726 2055 eandem
742 2024 884 2063 partem
900 2024 1063 2063 recurat3
1093 2019 1192 2063 quod
1206 2020 1324 2055 nullus
1341 2025 1525 2056 oratorum
1545 2026 1641 2056 cete-

142 2090 264 2115 rorum
283 2079 330 2113 ad
358 2078 611 2115 defensionem
634 2080 804 2122 accessit,
832 2079 1060 2122 potissimum
1080 2078 1159 2123 ipse
1175 2079 1344 2114 surrexit.
1372 2080 1445 2115 Sed
1464 2080 1548 2114 dum
1565 2081 1643 2116 vult

143 2149 207 2174 eos
223 2138 363 2173 timoris
385 2148 575 2183 excusare,
603 2138 703 2183 quod
730 2139 823 2173 sciat
851 2148 916 2173 eos
944 2138 1120 2179 timuisse,
1150 2149 1190 2173 se
1209 2138 1397 2173 damnavit
1423 2139 1642 2185 audacial).

237 2198 335 2243 Ego
372 2197 676 2242 potissimum
717 2197 1008 2241 surrexerim]
1051 2197 1134 2232 Duo
1161 2202 1256 2240 sunt,
1296 2207 1390 2241 quae
1420 2202 1644 2240 quaeruntur

142 2257 178 2291 in
204 2261 362 2301 oratore,
389 2256 591 2292 auctoritas
617 2261 653 2291 et
679 2256 872 2301 eloquium.
912 2255 1130 2291 Auctoritas
1157 2266 1201 2291 ex
1226 2256 1432 2299 nobilitate,
1460 2258 1643 2301 eloquium

144 2326 190 2351 ex
215 2315 396 2352 doctrina.
446 2314 495 2350 Ut
532 2315 583 2350 ait
608 2316 805 2360 Virgilius:
848 2325 891 2350 ex
919 2315 1158 2349 auctoritate:
1197 2319 1306 2349 tunc
1338 2316 1520 2359 pietate
1548 2326 1642 2361 gra-

143 2385 240 2411 vem
267 2385 318 2410 ae
343 2374 539 2419 meritis;
567 2385 613 2410 ex
640 2375 806 2419 eloquio:
834 2374 921 2409 ille
947 2374 1067 2419 regit
1096 2374 1245 2409 dictis
1273 2375 1427 2408 animo
1443 2375 1540 2419 s.2).

240 2433 406 2469 Omnes
440 2432 503 2477 hi,
547 2443 664 2477 quos
696 2433 883 2478 videtis]
920 2433 1042 2469 Debet
1084 2433 1282 2468 conciliare
1322 2437 1446 2469 orator
1480 2444 1641 2478 causam,

145 2492 254 2537 quasi
278 2502 350 2527 non
378 2492 479 2527 solus
506 2492 683 2528 defendat
697 2494 748 2538 3).

242 2583 274 2622 1)
301 2582 340 2613 Ε.
366 2592 397 2622 p.
427 2585 466 2613 19
494 2583 607 2613 maeht
631 2582 727 2613 hiezu
752 2582 804 2614 die
831 2581 934 2615 Note:
963 2582 1102 2622 ,videtur
1127 2588 1158 2613 et
1183 2583 1398 2614 audaciae
1426 2584 1642 2622 scribendum,

146 2630 237 2669 quod
262 2640 292 2660 v.
319 2629 490 2660 timoris
524 2631 740 2670 respondeat,
775 2636 805 2660 et
832 2636 906 2670 post
931 2631 1047 2661 sciat
1080 2631 1301 2670 supplendum
1328 2631 1505 2661 Sullam.
1561 2630 1644 2661 Nam

144 2677 197 2707 vel
213 2676 442 2707 coniunctivus
470 2677 571 2715 ,seiat‘
598 2679 771 2708 ostendere
796 2678 937 2709 videtur.
964 2688 1100 2708 eausam
1119 2678 1267 2708 additam
1288 2678 1385 2708 fuisse
1404 2688 1461 2708 cur
1478 2678 1642 2708 timerent.

147 2741 190 2746 —
219 2725 254 2763 2)
280 2724 381 2762 Verg.
410 2724 494 2755 Aen.
524 2727 553 2764 1,
585 2728 754 2756 151.153.
784 2725 917 2757 Servius
944 2725 1091 2755 bemerkt
1117 2726 1220 2755 dam:
1246 2726 1289 2755 Et
1316 2726 1396 2755 bene
1423 2730 1530 2755 servat
1557 2725 1643 2755 cirea

145 2772 234 2802 hunc
261 2771 529 2802 rhetoricam
556 2772 798 2812 definitionem,
838 2773 891 2803 cui
930 2774 986 2803 dat
1021 2779 1051 2802 et
1079 2772 1239 2803 iustitiam
1266 2779 1296 2803 et
1324 2772 1475 2812 peritiam
1502 2772 1642 2805 dicendi.

146 2823 183 2848 ut
215 2824 295 2857 ,tum
329 2819 451 2859 pietate
484 2823 630 2857 gravem‘
657 2825 689 2851 et
717 2820 782 2857 ,ille
808 2820 893 2859 regit
917 2821 1013 2851 dietis
1046 2819 1204 2850 animos:
1245 2827 1357 2851 orator
1390 2820 1477 2850 enim
1512 2825 1559 2850 cst
1595 2820 1645 2850 vii·

146 2865 263 2905 bonus,
290 2866 422 2897 dicendi
447 2867 580 2907 peritus.
610 2886 649 2890 —
704 2868 740 2908 3)
768 2869 804 2898 B.
833 2874 955 2900 orator.
981 2877 1127 2899 causam.

1306 2924 1365 2966 252:
