<?xml version="1.0" encoding="UTF-8"?>
<!DOCTYPE html PUBLIC "-//W3C//DTD XHTML 1.0 Transitional//EN"
    "http://www.w3.org/TR/xhtml1/DTD/xhtml1-transitional.dtd">
<html xmlns="http://www.w3.org/1999/xhtml" xml:lang="en" lang="en">
 <head>
  <title>
</title>
<meta http-equiv="Content-Type" content="text/html;charset=utf-8" />
  <meta name='ocr-system' content='tesseract 3.04.00' />
  <meta name='ocr-capabilities' content='ocr_page ocr_carea ocr_par ocr_line ocrx_word'/>
</head>
<body>
  <div class='ocr_page' id='page_1' title='image "./redefrsexrisci00ciceuoft_0035.png"; bbox 0 0 1820 3068; ppageno 0'>
   <div class='ocr_carea' id='block_1_1' title="bbox 544 154 1631 199">
    <p class='ocr_par' dir='ltr' id='par_1_1' title="bbox 544 154 1631 199">
     <span class='ocr_line' id='line_1_1' title="bbox 544 154 1631 199; baseline 0.006 -11"><span class='ocrx_word' id='word_1_1' title='bbox 544 155 615 189; x_wconf 90' lang='lat' dir='ltr'>Pro</span> <span class='ocrx_word' id='word_1_2' title='bbox 642 154 725 189; x_wconf 67' lang='lat' dir='ltr'>SeX.</span> <span class='ocrx_word' id='word_1_3' title='bbox 751 154 888 190; x_wconf 86' lang='lat' dir='ltr'>Roscio</span> <span class='ocrx_word' id='word_1_4' title='bbox 915 166 945 189; x_wconf 87' lang='lat' dir='ltr'>o.</span> <span class='ocrx_word' id='word_1_5' title='bbox 974 157 994 191; x_wconf 81' lang='lat'>5</span> <span class='ocrx_word' id='word_1_6' title='bbox 1022 158 1041 196; x_wconf 65' lang='grc' dir='ltr'>ἓ</span> <span class='ocrx_word' id='word_1_7' title='bbox 1071 158 1218 191; x_wconf 80' lang='grc'>10-11.</span> <span class='ocrx_word' id='word_1_8' title='bbox 1579 157 1631 199; x_wconf 71' lang='lat'>05</span> 
     </span>
    </p>
   </div>
   <div class='ocr_carea' id='block_1_2' title="bbox 1582 191 1601 198">
    <p class='ocr_par' dir='ltr' id='par_1_2' title="bbox 1582 191 1601 198">
     <span class='ocr_line' id='line_1_2' title="bbox 1582 191 1601 198; baseline 0 0"><span class='ocrx_word' id='word_1_9' title='bbox 1582 191 1601 198; x_wconf 46' lang='grc' dir='ltr'>ς.</span> 
     </span>
    </p>
   </div>
   <div class='ocr_carea' id='block_1_3' title="bbox 88 265 1685 1252">
    <p class='ocr_par' dir='ltr' id='par_1_3' title="bbox 88 265 1636 786">
     <span class='ocr_line' id='line_1_3' title="bbox 137 265 1633 322; baseline -0.001 -13"><span class='ocrx_word' id='word_1_10' title='bbox 137 267 377 322; x_wconf 86' lang='lat' dir='ltr'>pientiaque</span> <span class='ocrx_word' id='word_1_11' title='bbox 421 269 562 307; x_wconf 86' lang='lat' dir='ltr'>vestra</span> <span class='ocrx_word' id='word_1_12' title='bbox 599 265 729 307; x_wconf 84' lang='lat' dir='ltr'>fretus</span> <span class='ocrx_word' id='word_1_13' title='bbox 758 265 852 319; x_wconf 88' lang='lat' dir='ltr'>plus</span> <span class='ocrx_word' id='word_1_14' title='bbox 885 265 1022 307; x_wconf 91' lang='lat' dir='ltr'>oneris</span> <span class='ocrx_word' id='word_1_15' title='bbox 1054 266 1222 320; x_wconf 84' lang='lat' dir='ltr'>sustuli,</span> <span class='ocrx_word' id='word_1_16' title='bbox 1269 279 1392 319; x_wconf 85' lang='lat' dir='ltr'>quam</span> <span class='ocrx_word' id='word_1_17' title='bbox 1429 267 1538 308; x_wconf 85' lang='lat' dir='ltr'>ferre</span> <span class='ocrx_word' id='word_1_18' title='bbox 1568 280 1633 308; x_wconf 89' lang='lat' dir='ltr'>me</span> 
     </span>
     <span class='ocr_line' id='line_1_4' title="bbox 139 332 1634 389; baseline -0.001 -14"><span class='ocrx_word' id='word_1_19' title='bbox 139 347 264 389; x_wconf 90' lang='lat' dir='ltr'>posse</span> <span class='ocrx_word' id='word_1_20' title='bbox 294 333 506 385; x_wconf 76' lang='lat' dir='ltr'>intellego</span> <span class='ocrx_word' id='word_1_21' title='bbox 539 332 631 373; x_wconf 82' lang='lat' dir='ltr'>Hoc</span> <span class='ocrx_word' id='word_1_22' title='bbox 661 345 765 373; x_wconf 91' lang='lat' dir='ltr'>onus</span> <span class='ocrx_word' id='word_1_23' title='bbox 797 333 831 372; x_wconf 92' lang='lat' dir='ltr'>si</span> <span class='ocrx_word' id='word_1_24' title='bbox 864 345 938 373; x_wconf 92' lang='lat' dir='ltr'>vos</span> <span class='ocrx_word' id='word_1_25' title='bbox 970 333 1111 385; x_wconf 84' lang='lat' dir='ltr'>aliqua</span> <span class='ocrx_word' id='word_1_26' title='bbox 1139 346 1191 373; x_wconf 77' lang='lat' dir='ltr'>ex</span> <span class='ocrx_word' id='word_1_27' title='bbox 1221 338 1339 386; x_wconf 85' lang='lat' dir='ltr'>parte</span> <span class='ocrx_word' id='word_1_28' title='bbox 1370 333 1634 384; x_wconf 85' lang='lat' dir='ltr'>adlevabitis,</span> 
     </span>
     <span class='ocr_line' id='line_1_5' title="bbox 139 397 1635 453; baseline 0 -12"><span class='ocrx_word' id='word_1_29' title='bbox 139 400 286 450; x_wconf 87' lang='lat' dir='ltr'>feram,</span> <span class='ocrx_word' id='word_1_30' title='bbox 316 403 359 440; x_wconf 86' lang='lat' dir='ltr'>ut-</span> <span class='ocrx_word' id='word_1_31' title='bbox 387 403 547 453; x_wconf 87' lang='lat' dir='ltr'>potero,</span> <span class='ocrx_word' id='word_1_32' title='bbox 579 397 716 439; x_wconf 88' lang='lat' dir='ltr'>studio</span> <span class='ocrx_word' id='word_1_33' title='bbox 747 402 787 439; x_wconf 90' lang='lat' dir='ltr'>et</span> <span class='ocrx_word' id='word_1_34' title='bbox 817 398 1032 450; x_wconf 87' lang='lat' dir='ltr'>industria,</span> <span class='ocrx_word' id='word_1_35' title='bbox 1065 399 1248 450; x_wconf 79' lang='lat' dir='ltr'>iudices3</span> <span class='ocrx_word' id='word_1_36' title='bbox 1280 399 1343 441; x_wconf 91' lang='lat' dir='ltr'>sin</span> <span class='ocrx_word' id='word_1_37' title='bbox 1376 413 1401 440; x_wconf 90' lang='lat' dir='ltr'>a</span> <span class='ocrx_word' id='word_1_38' title='bbox 1432 400 1562 451; x_wconf 88' lang='lat' dir='ltr'>vobis,</span> <span class='ocrx_word' id='word_1_39' title='bbox 1593 400 1635 441; x_wconf 90' lang='lat' dir='ltr'>id</span> 
     </span>
     <span class='ocr_line' id='line_1_6' title="bbox 139 464 1634 520; baseline -0.001 -12"><span class='ocrx_word' id='word_1_40' title='bbox 139 466 249 520; x_wconf 91' lang='lat' dir='ltr'>quod</span> <span class='ocrx_word' id='word_1_41' title='bbox 279 479 361 507; x_wconf 88' lang='lat' dir='ltr'>non</span> <span class='ocrx_word' id='word_1_42' title='bbox 393 477 540 518; x_wconf 85' lang='lat' dir='ltr'>spero,</span> <span class='ocrx_word' id='word_1_43' title='bbox 585 464 777 516; x_wconf 89' lang='lat' dir='ltr'>deserar,</span> <span class='ocrx_word' id='word_1_44' title='bbox 823 468 961 505; x_wconf 89' lang='lat' dir='ltr'>tamen</span> <span class='ocrx_word' id='word_1_45' title='bbox 994 465 1132 507; x_wconf 89' lang='lat' dir='ltr'>animo</span> <span class='ocrx_word' id='word_1_46' title='bbox 1174 479 1257 507; x_wconf 89' lang='grc'>11011</span> <span class='ocrx_word' id='word_1_47' title='bbox 1288 466 1477 507; x_wconf 81' lang='lat' dir='ltr'>deficiam</span> <span class='ocrx_word' id='word_1_48' title='bbox 1510 470 1549 507; x_wconf 92' lang='lat' dir='ltr'>et</span> <span class='ocrx_word' id='word_1_49' title='bbox 1579 466 1634 517; x_wconf 87' lang='lat' dir='ltr'>id,</span> 
     </span>
     <span class='ocr_line' id='line_1_7' title="bbox 88 531 1636 587; baseline -0.001 -12"><span class='ocrx_word' id='word_1_50' title='bbox 88 534 91 535; x_wconf 46' lang='lat'><em>⁷</em></span> <span class='ocrx_word' id='word_1_51' title='bbox 138 533 249 587; x_wconf 92' lang='lat' dir='ltr'>quod</span> <span class='ocrx_word' id='word_1_52' title='bbox 279 532 466 585; x_wconf 79' lang='lat' dir='ltr'>suscepi,</span> <span class='ocrx_word' id='word_1_53' title='bbox 497 531 634 584; x_wconf 89' lang='lat' dir='ltr'>quoad</span> <span class='ocrx_word' id='word_1_54' title='bbox 664 536 830 585; x_wconf 84' lang='lat' dir='ltr'>potero,</span> <span class='ocrx_word' id='word_1_55' title='bbox 862 531 1084 585; x_wconf 79' lang='lat' dir='ltr'><strong>perferam.</strong></span> <span class='ocrx_word' id='word_1_56' title='bbox 1128 531 1249 581; x_wconf 82' lang='lat' dir='ltr'>Quod</span> <span class='ocrx_word' id='word_1_57' title='bbox 1281 532 1314 573; x_wconf 93' lang='lat' dir='ltr'>si</span> <span class='ocrx_word' id='word_1_58' title='bbox 1345 533 1529 586; x_wconf 85' lang='lat' dir='ltr'>perferre</span> <span class='ocrx_word' id='word_1_59' title='bbox 1553 546 1636 574; x_wconf 91' lang='lat' dir='ltr'>non</span> 
     </span>
     <span class='ocr_line' id='line_1_8' title="bbox 139 597 1635 653; baseline -0.001 -12"><span class='ocrx_word' id='word_1_60' title='bbox 139 603 303 653; x_wconf 82' lang='lat' dir='ltr'>potero,</span> <span class='ocrx_word' id='word_1_61' title='bbox 353 597 533 652; x_wconf 84' lang='lat' dir='ltr'>opprimi</span> <span class='ocrx_word' id='word_1_62' title='bbox 564 611 629 639; x_wconf 92' lang='lat' dir='ltr'>me</span> <span class='ocrx_word' id='word_1_63' title='bbox 663 611 788 639; x_wconf 89' lang='lat' dir='ltr'>onere</span> <span class='ocrx_word' id='word_1_64' title='bbox 819 597 946 639; x_wconf 75' lang='lat' dir='ltr'>officii</span> <span class='ocrx_word' id='word_1_65' title='bbox 978 599 1110 649; x_wconf 86' lang='lat' dir='ltr'>malo,</span> <span class='ocrx_word' id='word_1_66' title='bbox 1153 612 1277 652; x_wconf 84' lang='lat' dir='ltr'>quam</span> <span class='ocrx_word' id='word_1_67' title='bbox 1307 599 1369 651; x_wconf 87' lang='lat' dir='ltr'>id,</span> <span class='ocrx_word' id='word_1_68' title='bbox 1402 599 1512 652; x_wconf 90' lang='lat' dir='ltr'>quod</span> <span class='ocrx_word' id='word_1_69' title='bbox 1535 599 1635 640; x_wconf 92' lang='lat' dir='ltr'>mihi</span> 
     </span>
     <span class='ocr_line' id='line_1_9' title="bbox 139 664 1636 720; baseline -0.001 -13"><span class='ocrx_word' id='word_1_70' title='bbox 139 679 230 708; x_wconf 85' lang='lat' dir='ltr'>oum</span> <span class='ocrx_word' id='word_1_71' title='bbox 262 665 343 707; x_wconf 83' lang='lat' dir='ltr'>fide</span> <span class='ocrx_word' id='word_1_72' title='bbox 374 666 502 706; x_wconf 88' lang='lat' dir='ltr'>semel</span> <span class='ocrx_word' id='word_1_73' title='bbox 532 664 772 720; x_wconf 88' lang='lat' dir='ltr'>impositum</span> <span class='ocrx_word' id='word_1_74' title='bbox 803 668 888 716; x_wconf 87' lang='lat' dir='ltr'>est,</span> <span class='ocrx_word' id='word_1_75' title='bbox 922 669 992 706; x_wconf 86' lang='lat' dir='ltr'>aut</span> <span class='ocrx_word' id='word_1_76' title='bbox 1021 669 1192 719; x_wconf 87' lang='lat' dir='ltr'>propter</span> <span class='ocrx_word' id='word_1_77' title='bbox 1220 664 1440 720; x_wconf 84' lang='lat' dir='ltr'>perfidiam</span> <span class='ocrx_word' id='word_1_78' title='bbox 1470 665 1636 706; x_wconf 83' lang='lat' dir='ltr'>abicere</span> 
     </span>
     <span class='ocr_line' id='line_1_10' title="bbox 140 731 1137 786; baseline -0.001 -12"><span class='ocrx_word' id='word_1_79' title='bbox 140 737 211 774; x_wconf 86' lang='lat' dir='ltr'>aut</span> <span class='ocrx_word' id='word_1_80' title='bbox 245 736 414 786; x_wconf 87' lang='lat' dir='ltr'>propter</span> <span class='ocrx_word' id='word_1_81' title='bbox 444 731 725 772; x_wconf 88' lang='lat' dir='ltr'>infirmitatem</span> <span class='ocrx_word' id='word_1_82' title='bbox 756 731 882 772; x_wconf 90' lang='lat' dir='ltr'>animi</span> <span class='ocrx_word' id='word_1_83' title='bbox 914 732 1137 786; x_wconf 79' lang='lat' dir='ltr'><strong>deponere.</strong></span> 
     </span>
    </p>

    <p class='ocr_par' dir='ltr' id='par_1_4' title="bbox 122 797 1685 1252">
     <span class='ocr_line' id='line_1_11' title="bbox 247 797 1685 852; baseline -0.001 -12"><span class='ocrx_word' id='word_1_84' title='bbox 247 799 307 841; x_wconf 89' lang='lat' dir='ltr'>Te</span> <span class='ocrx_word' id='word_1_85' title='bbox 338 811 501 852; x_wconf 88' lang='lat' dir='ltr'>quoque</span> <span class='ocrx_word' id='word_1_86' title='bbox 532 811 687 852; x_wconf 81' lang='lat' dir='ltr'>magno</span> <span class='ocrx_word' id='word_1_87' title='bbox 718 811 867 852; x_wconf 87' lang='lat' dir='ltr'>opere,</span> <span class='ocrx_word' id='word_1_88' title='bbox 898 798 951 838; x_wconf 90' lang='grc' dir='ltr'>Μ.</span> <span class='ocrx_word' id='word_1_89' title='bbox 983 799 1137 850; x_wconf 84' lang='lat' dir='ltr'>Fanni,</span> <span class='ocrx_word' id='word_1_90' title='bbox 1170 811 1347 851; x_wconf 78' lang='lat' dir='ltr'>quaeso,</span> <span class='ocrx_word' id='word_1_91' title='bbox 1378 802 1440 850; x_wconf 87' lang='lat' dir='ltr'>ut,</span> <span class='ocrx_word' id='word_1_92' title='bbox 1473 797 1637 851; x_wconf 85' lang='lat' dir='ltr'>qualem</span> <span class='ocrx_word' id='word_1_93' title='bbox 1652 801 1685 826; x_wconf 84' lang='lat'>11</span> 
     </span>
     <span class='ocr_line' id='line_1_12' title="bbox 139 863 1639 918; baseline -0.002 -11"><span class='ocrx_word' id='word_1_94' title='bbox 139 870 180 907; x_wconf 89' lang='lat' dir='ltr'>te</span> <span class='ocrx_word' id='word_1_95' title='bbox 216 866 299 906; x_wconf 85' lang='lat' dir='ltr'>iam</span> <span class='ocrx_word' id='word_1_96' title='bbox 338 869 464 906; x_wconf 86' lang='lat' dir='ltr'>antea</span> <span class='ocrx_word' id='word_1_97' title='bbox 507 865 663 918; x_wconf 91' lang='lat' dir='ltr'>populo</span> <span class='ocrx_word' id='word_1_98' title='bbox 696 865 885 906; x_wconf 89' lang='lat' dir='ltr'>Romano</span> <span class='ocrx_word' id='word_1_99' title='bbox 931 865 1183 918; x_wconf 83' lang='lat' dir='ltr'>praebuisti,</span> <span class='ocrx_word' id='word_1_100' title='bbox 1236 879 1326 907; x_wconf 84' lang='lat' dir='ltr'>eum</span> <span class='ocrx_word' id='word_1_101' title='bbox 1373 864 1469 906; x_wconf 87' lang='lat' dir='ltr'>huie</span> <span class='ocrx_word' id='word_1_102' title='bbox 1504 863 1639 905; x_wconf 83' lang='lat' dir='ltr'>eidem</span> 
     </span>
     <span class='ocr_line' id='line_1_13' title="bbox 122 930 1639 985; baseline -0.001 -12"><span class='ocrx_word' id='word_1_103' title='bbox 122 931 377 985; x_wconf 71' lang='lat' dir='ltr'>&#39;quaestioni</span> <span class='ocrx_word' id='word_1_104' title='bbox 407 931 533 972; x_wconf 76' lang='lat' dir='ltr'>iudex</span> <span class='ocrx_word' id='word_1_105' title='bbox 565 944 805 984; x_wconf 81' lang='lat' dir='ltr'>praeesseS,</span> <span class='ocrx_word' id='word_1_106' title='bbox 837 931 963 972; x_wconf 82' lang='lat' dir='ltr'>talem</span> <span class='ocrx_word' id='word_1_107' title='bbox 994 936 1033 973; x_wconf 88' lang='lat' dir='ltr'>te</span> <span class='ocrx_word' id='word_1_108' title='bbox 1065 936 1105 973; x_wconf 89' lang='lat' dir='ltr'>et</span> <span class='ocrx_word' id='word_1_109' title='bbox 1134 931 1254 973; x_wconf 90' lang='lat' dir='ltr'>nobis</span> <span class='ocrx_word' id='word_1_110' title='bbox 1286 936 1326 973; x_wconf 91' lang='lat' dir='ltr'>et</span> <span class='ocrx_word' id='word_1_111' title='bbox 1356 930 1414 972; x_wconf 90' lang='lat' dir='ltr'>rei</span> <span class='ocrx_word' id='word_1_112' title='bbox 1444 930 1639 984; x_wconf 83' lang='lat' dir='ltr'>publicae</span> 
     </span>
     <span class='ocr_line' id='line_1_14' title="bbox 140 997 1639 1052; baseline -0.001 -13"><span class='ocrx_word' id='word_1_113' title='bbox 140 998 221 1040; x_wconf 87' lang='lat' dir='ltr'>hoc</span> <span class='ocrx_word' id='word_1_114' title='bbox 239 1002 425 1051; x_wconf 89' lang='lat' dir='ltr'>tempore</span> <span class='ocrx_word' id='word_1_115' title='bbox 443 997 671 1052; x_wconf 78' lang='lat' dir='ltr'>impertias.</span> <span class='ocrx_word' id='word_1_116' title='bbox 716 998 763 1039; x_wconf 89' lang='lat' dir='ltr'>V.</span> <span class='ocrx_word' id='word_1_117' title='bbox 785 998 951 1048; x_wconf 80' lang='lat' dir='ltr'>Quanta</span> <span class='ocrx_word' id='word_1_118' title='bbox 969 998 1188 1040; x_wconf 89' lang='lat' dir='ltr'>multitudo</span> <span class='ocrx_word' id='word_1_119' title='bbox 1207 998 1419 1040; x_wconf 92' lang='lat' dir='ltr'>hominum</span> <span class='ocrx_word' id='word_1_120' title='bbox 1437 1010 1639 1040; x_wconf 83' lang='lat' dir='ltr'>convene-</span> 
     </span>
     <span class='ocr_line' id='line_1_15' title="bbox 140 1063 1639 1118; baseline 0 -13"><span class='ocrx_word' id='word_1_121' title='bbox 140 1064 193 1105; x_wconf 90' lang='lat' dir='ltr'>rit</span> <span class='ocrx_word' id='word_1_122' title='bbox 224 1064 279 1105; x_wconf 92' lang='lat' dir='ltr'>ad</span> <span class='ocrx_word' id='word_1_123' title='bbox 308 1063 616 1115; x_wconf 84' lang='lat' dir='ltr'>hooiudioium,</span> <span class='ocrx_word' id='word_1_124' title='bbox 649 1064 788 1105; x_wconf 89' lang='lat' dir='ltr'>vides:</span> <span class='ocrx_word' id='word_1_125' title='bbox 818 1078 925 1118; x_wconf 88' lang='lat' dir='ltr'>quae</span> <span class='ocrx_word' id='word_1_126' title='bbox 943 1065 995 1106; x_wconf 90' lang='lat' dir='ltr'>sit</span> <span class='ocrx_word' id='word_1_127' title='bbox 1012 1065 1193 1106; x_wconf 88' lang='lat' dir='ltr'>omnium</span> <span class='ocrx_word' id='word_1_128' title='bbox 1214 1065 1450 1106; x_wconf 87' lang='lat' dir='ltr'>mortalium</span> <span class='ocrx_word' id='word_1_129' title='bbox 1468 1077 1639 1118; x_wconf 83' lang='lat' dir='ltr'>exspec-</span> 
     </span>
     <span class='ocr_line' id='line_1_16' title="bbox 140 1130 1638 1185; baseline -0.001 -12"><span class='ocrx_word' id='word_1_130' title='bbox 140 1131 255 1183; x_wconf 81' lang='lat' dir='ltr'>tatio,</span> <span class='ocrx_word' id='word_1_131' title='bbox 288 1144 394 1184; x_wconf 86' lang='lat' dir='ltr'>quae</span> <span class='ocrx_word' id='word_1_132' title='bbox 413 1130 633 1184; x_wconf 84' lang='lat' dir='ltr'>cupiditas,</span> <span class='ocrx_word' id='word_1_133' title='bbox 665 1136 708 1172; x_wconf 89' lang='lat' dir='ltr'>ut</span> <span class='ocrx_word' id='word_1_134' title='bbox 728 1131 843 1172; x_wconf 83' lang='lat' dir='ltr'>aeria</span> <span class='ocrx_word' id='word_1_135' title='bbox 863 1145 912 1172; x_wconf 83' lang='lat' dir='ltr'>ao</span> <span class='ocrx_word' id='word_1_136' title='bbox 932 1144 1082 1173; x_wconf 82' lang='lat' dir='ltr'>severa</span> <span class='ocrx_word' id='word_1_137' title='bbox 1099 1132 1255 1174; x_wconf 82' lang='lat' dir='ltr'>iudicia</span> <span class='ocrx_word' id='word_1_138' title='bbox 1272 1132 1388 1185; x_wconf 87' lang='lat' dir='ltr'>fiant,</span> <span class='ocrx_word' id='word_1_139' title='bbox 1417 1131 1638 1184; x_wconf 71' lang='lat' dir='ltr'>intellegis</span> 
     </span>
     <span class='ocr_line' id='line_1_17' title="bbox 140 1197 1640 1252; baseline -0.002 -13"><span class='ocrx_word' id='word_1_140' title='bbox 140 1198 286 1251; x_wconf 85' lang='lat' dir='ltr'>Longo</span> <span class='ocrx_word' id='word_1_141' title='bbox 301 1197 523 1239; x_wconf 86' lang='lat' dir='ltr'>intervallo</span> <span class='ocrx_word' id='word_1_142' title='bbox 539 1197 736 1239; x_wconf 78' lang='lat' dir='ltr'>iudicium</span> <span class='ocrx_word' id='word_1_143' title='bbox 753 1199 859 1240; x_wconf 90' lang='lat' dir='ltr'>inter</span> <span class='ocrx_word' id='word_1_144' title='bbox 878 1198 1052 1241; x_wconf 81' lang='lat' dir='ltr'>sicarios</span> <span class='ocrx_word' id='word_1_145' title='bbox 1069 1198 1149 1240; x_wconf 87' lang='lat' dir='ltr'>hoo</span> <span class='ocrx_word' id='word_1_146' title='bbox 1164 1198 1341 1252; x_wconf 91' lang='lat' dir='ltr'>primum</span> <span class='ocrx_word' id='word_1_147' title='bbox 1360 1197 1640 1248; x_wconf 85' lang='lat' dir='ltr'>committitur,</span> 
     </span>
    </p>
   </div>
   <div class='ocr_carea' id='block_1_4' title="bbox 147 1289 697 1295">
    <p class='ocr_par' dir='ltr' id='par_1_5' title="bbox 147 1289 697 1295">
     <span class='ocr_line' id='line_1_18' title="bbox 147 1289 697 1295; baseline 0 0"><span class='ocrx_word' id='word_1_148' title='bbox 147 1289 697 1295; x_wconf 95' lang='lat' dir='ltr'> </span> 
     </span>
    </p>
   </div>
   <div class='ocr_carea' id='block_1_5' title="bbox 140 1334 1647 2381">
    <p class='ocr_par' dir='ltr' id='par_1_6' title="bbox 239 1334 475 1370">
     <span class='ocr_line' id='line_1_19' title="bbox 239 1334 475 1370; baseline 0.008 -2"><span class='ocrx_word' id='word_1_149' title='bbox 239 1334 383 1369; x_wconf 79' lang='lat' dir='ltr'>Testim.</span> <span class='ocrx_word' id='word_1_150' title='bbox 408 1337 475 1370; x_wconf 71' lang='lat' dir='ltr'>vet.</span> 
     </span>
    </p>

    <p class='ocr_par' dir='ltr' id='par_1_7' title="bbox 140 1392 1645 1674">
     <span class='ocr_line' id='line_1_20' title="bbox 236 1392 1643 1438; baseline -0.002 -9"><span class='ocrx_word' id='word_1_151' title='bbox 236 1397 255 1436; x_wconf 65' lang='grc' dir='ltr'><strong>ἓ</strong></span> <span class='ocrx_word' id='word_1_152' title='bbox 285 1396 340 1429; x_wconf 82' lang='lat'>11.</span> <span class='ocrx_word' id='word_1_153' title='bbox 391 1393 597 1428; x_wconf 85' lang='lat' dir='ltr'>Martian</span> <span class='ocrx_word' id='word_1_154' title='bbox 624 1392 802 1438; x_wconf 86' lang='lat' dir='ltr'>Capell.</span> <span class='ocrx_word' id='word_1_155' title='bbox 828 1405 862 1438; x_wconf 91' lang='lat' dir='ltr'>p.</span> <span class='ocrx_word' id='word_1_156' title='bbox 892 1395 973 1438; x_wconf 78' lang='lat'>470,</span> <span class='ocrx_word' id='word_1_157' title='bbox 1002 1396 1021 1430; x_wconf 83' lang='lat'>9</span> <span class='ocrx_word' id='word_1_158' title='bbox 1049 1394 1092 1429; x_wconf 90' lang='grc' dir='ltr'>Η.</span> <span class='ocrx_word' id='word_1_159' title='bbox 1123 1394 1258 1438; x_wconf 77' lang='grc'>(164,3</span> <span class='ocrx_word' id='word_1_160' title='bbox 1280 1394 1341 1437; x_wconf 89' lang='grc' dir='ltr'>Ε.)</span> <span class='ocrx_word' id='word_1_161' title='bbox 1371 1397 1411 1427; x_wconf 88' lang='lat' dir='ltr'>ut</span> <span class='ocrx_word' id='word_1_162' title='bbox 1437 1392 1580 1437; x_wconf 86' lang='lat' dir='ltr'>qualem</span> <span class='ocrx_word' id='word_1_163' title='bbox 1608 1396 1643 1426; x_wconf 85' lang='lat' dir='ltr'>te</span> 
     </span>
     <span class='ocr_line' id='line_1_21' title="bbox 141 1451 1644 1497; baseline -0.001 -10"><span class='ocrx_word' id='word_1_164' title='bbox 141 1456 252 1488; x_wconf 87' lang='lat' dir='ltr'>antea</span> <span class='ocrx_word' id='word_1_165' title='bbox 278 1453 416 1497; x_wconf 89' lang='lat' dir='ltr'>populo</span> <span class='ocrx_word' id='word_1_166' title='bbox 444 1453 611 1488; x_wconf 83' lang='lat' dir='ltr'>Romano</span> <span class='ocrx_word' id='word_1_167' title='bbox 638 1452 863 1497; x_wconf 84' lang='lat' dir='ltr'>praebuisti,</span> <span class='ocrx_word' id='word_1_168' title='bbox 903 1464 985 1488; x_wconf 87' lang='lat' dir='ltr'>cum</span> <span class='ocrx_word' id='word_1_169' title='bbox 1023 1452 1107 1488; x_wconf 86' lang='lat' dir='ltr'>huic</span> <span class='ocrx_word' id='word_1_170' title='bbox 1145 1452 1264 1487; x_wconf 89' lang='lat' dir='ltr'>eidem</span> <span class='ocrx_word' id='word_1_171' title='bbox 1298 1451 1508 1497; x_wconf 84' lang='lat' dir='ltr'>quaestioni</span> <span class='ocrx_word' id='word_1_172' title='bbox 1534 1451 1644 1486; x_wconf 81' lang='lat' dir='ltr'>iudex</span> 
     </span>
     <span class='ocr_line' id='line_1_22' title="bbox 140 1510 1642 1557; baseline -0.001 -11"><span class='ocrx_word' id='word_1_173' title='bbox 140 1522 356 1556; x_wconf 85' lang='lat' dir='ltr'>praeesses,</span> <span class='ocrx_word' id='word_1_174' title='bbox 382 1513 494 1547; x_wconf 88' lang='lat' dir='ltr'>talem</span> <span class='ocrx_word' id='word_1_175' title='bbox 523 1511 569 1546; x_wconf 90' lang='lat' dir='ltr'>de</span> <span class='ocrx_word' id='word_1_176' title='bbox 595 1512 702 1546; x_wconf 86' lang='lat' dir='ltr'>nobis</span> <span class='ocrx_word' id='word_1_177' title='bbox 729 1516 765 1547; x_wconf 85' lang='lat' dir='ltr'>et</span> <span class='ocrx_word' id='word_1_178' title='bbox 790 1513 966 1557; x_wconf 91' lang='lat' dir='ltr'>populo</span> <span class='ocrx_word' id='word_1_179' title='bbox 994 1512 1198 1547; x_wconf 86' lang='lat' dir='ltr'>Romano</span> <span class='ocrx_word' id='word_1_180' title='bbox 1225 1511 1295 1545; x_wconf 85' lang='grc'>1100</span> <span class='ocrx_word' id='word_1_181' title='bbox 1321 1516 1486 1555; x_wconf 86' lang='lat' dir='ltr'>tempore</span> <span class='ocrx_word' id='word_1_182' title='bbox 1512 1510 1642 1554; x_wconf 90' lang='lat' dir='ltr'>imper-</span> 
     </span>
     <span class='ocr_line' id='line_1_23' title="bbox 140 1570 1645 1616; baseline -0.002 -10"><span class='ocrx_word' id='word_1_183' title='bbox 140 1572 225 1606; x_wconf 83' lang='lat' dir='ltr'>tias.</span> <span class='ocrx_word' id='word_1_184' title='bbox 247 1591 290 1597; x_wconf 95' lang='lat'><em>-</em></span> <span class='ocrx_word' id='word_1_185' title='bbox 318 1571 536 1606; x_wconf 84' lang='lat' dir='ltr'>Arusian.</span> <span class='ocrx_word' id='word_1_186' title='bbox 563 1571 695 1606; x_wconf 89' lang='lat' dir='ltr'>Mess.</span> <span class='ocrx_word' id='word_1_187' title='bbox 722 1572 791 1607; x_wconf 81' lang='lat' dir='ltr'>VH</span> <span class='ocrx_word' id='word_1_188' title='bbox 817 1583 852 1616; x_wconf 91' lang='lat' dir='ltr'>p.</span> <span class='ocrx_word' id='word_1_189' title='bbox 880 1573 960 1615; x_wconf 80' lang='grc'>481,</span> <span class='ocrx_word' id='word_1_190' title='bbox 988 1573 1007 1608; x_wconf 89' lang='grc'>6</span> <span class='ocrx_word' id='word_1_191' title='bbox 1034 1572 1076 1606; x_wconf 88' lang='lat' dir='ltr'>K.</span> <span class='ocrx_word' id='word_1_192' title='bbox 1105 1570 1178 1606; x_wconf 81' lang='lat' dir='ltr'>Cio.</span> <span class='ocrx_word' id='word_1_193' title='bbox 1207 1582 1240 1615; x_wconf 87' lang='lat' dir='ltr'>p.</span> <span class='ocrx_word' id='word_1_194' title='bbox 1269 1571 1380 1606; x_wconf 86' lang='lat' dir='ltr'>Rosc.</span> <span class='ocrx_word' id='word_1_195' title='bbox 1405 1570 1528 1614; x_wconf 85' lang='lat' dir='ltr'>,talem</span> <span class='ocrx_word' id='word_1_196' title='bbox 1555 1574 1590 1604; x_wconf 87' lang='lat' dir='ltr'>te</span> <span class='ocrx_word' id='word_1_197' title='bbox 1609 1573 1645 1604; x_wconf 86' lang='lat' dir='ltr'>et</span> 
     </span>
     <span class='ocr_line' id='line_1_24' title="bbox 143 1629 827 1674; baseline 0 -10"><span class='ocrx_word' id='word_1_198' title='bbox 143 1629 251 1665; x_wconf 87' lang='lat' dir='ltr'>nobis</span> <span class='ocrx_word' id='word_1_199' title='bbox 279 1633 315 1664; x_wconf 87' lang='lat' dir='ltr'>et</span> <span class='ocrx_word' id='word_1_200' title='bbox 339 1630 390 1664; x_wconf 86' lang='lat' dir='ltr'>rei</span> <span class='ocrx_word' id='word_1_201' title='bbox 416 1629 588 1674; x_wconf 87' lang='lat' dir='ltr'>publicae</span> <span class='ocrx_word' id='word_1_202' title='bbox 616 1630 827 1674; x_wconf 84' lang='lat' dir='ltr'>impertias‘.</span> 
     </span>
    </p>

    <p class='ocr_par' dir='ltr' id='par_1_8' title="bbox 237 1688 452 1723">
     <span class='ocr_line' id='line_1_25' title="bbox 237 1688 452 1723; baseline 0 0"><span class='ocrx_word' id='word_1_203' title='bbox 237 1688 358 1723; x_wconf 80' lang='lat' dir='ltr'>Schol.</span> <span class='ocrx_word' id='word_1_204' title='bbox 389 1688 452 1723; x_wconf 83' lang='lat' dir='ltr'>Gr.</span> 
     </span>
    </p>

    <p class='ocr_par' dir='ltr' id='par_1_9' title="bbox 145 1746 1642 1852">
     <span class='ocr_line' id='line_1_26' title="bbox 238 1746 1642 1793; baseline -0.002 -11"><span class='ocrx_word' id='word_1_205' title='bbox 238 1747 330 1782; x_wconf 80' lang='lat' dir='ltr'>Hoc</span> <span class='ocrx_word' id='word_1_206' title='bbox 359 1749 486 1793; x_wconf 87' lang='lat' dir='ltr'>onus]</span> <span class='ocrx_word' id='word_1_207' title='bbox 522 1748 729 1783; x_wconf 87' lang='lat' dir='ltr'>Permansit</span> <span class='ocrx_word' id='word_1_208' title='bbox 754 1748 791 1782; x_wconf 89' lang='lat' dir='ltr'>in</span> <span class='ocrx_word' id='word_1_209' title='bbox 816 1748 1059 1783; x_wconf 85' lang='lat' dir='ltr'>translatione</span> <span class='ocrx_word' id='word_1_210' title='bbox 1093 1752 1245 1792; x_wconf 87' lang='lat' dir='ltr'>propter</span> <span class='ocrx_word' id='word_1_211' title='bbox 1271 1746 1459 1782; x_wconf 84' lang='lat' dir='ltr'>Sullanum</span> <span class='ocrx_word' id='word_1_212' title='bbox 1484 1749 1642 1789; x_wconf 89' lang='lat' dir='ltr'>tempus,</span> 
     </span>
     <span class='ocr_line' id='line_1_27' title="bbox 145 1806 923 1852; baseline -0.001 -10"><span class='ocrx_word' id='word_1_213' title='bbox 145 1810 183 1842; x_wconf 85' lang='lat' dir='ltr'>et</span> <span class='ocrx_word' id='word_1_214' title='bbox 209 1806 308 1852; x_wconf 89' lang='lat' dir='ltr'>quod</span> <span class='ocrx_word' id='word_1_215' title='bbox 334 1806 594 1841; x_wconf 84' lang='lat' dir='ltr'>subaudimus:</span> <span class='ocrx_word' id='word_1_216' title='bbox 621 1806 855 1850; x_wconf 88' lang='lat' dir='ltr'>perferam</span> <span class='ocrx_word' id='word_1_217' title='bbox 873 1808 923 1851; x_wconf 82' lang='lat'>³).</span> 
     </span>
    </p>

    <p class='ocr_par' dir='ltr' id='par_1_10' title="bbox 144 1862 1646 1970">
     <span class='ocr_line' id='line_1_28' title="bbox 239 1862 1646 1910; baseline -0.003 -10"><span class='ocrx_word' id='word_1_218' title='bbox 239 1866 305 1901; x_wconf 89' lang='lat' dir='ltr'>Me</span> <span class='ocrx_word' id='word_1_219' title='bbox 331 1875 475 1901; x_wconf 90' lang='lat' dir='ltr'>onere</span> <span class='ocrx_word' id='word_1_220' title='bbox 500 1866 635 1910; x_wconf 86' lang='lat' dir='ltr'>malo]</span> <span class='ocrx_word' id='word_1_221' title='bbox 678 1866 803 1902; x_wconf 86' lang='lat' dir='ltr'>Melius</span> <span class='ocrx_word' id='word_1_222' title='bbox 840 1870 918 1909; x_wconf 88' lang='lat' dir='ltr'>est,</span> <span class='ocrx_word' id='word_1_223' title='bbox 956 1871 996 1902; x_wconf 87' lang='lat' dir='ltr'>ut</span> <span class='ocrx_word' id='word_1_224' title='bbox 1029 1866 1213 1910; x_wconf 87' lang='lat' dir='ltr'>opprimat</span> <span class='ocrx_word' id='word_1_225' title='bbox 1252 1876 1308 1900; x_wconf 89' lang='lat' dir='ltr'>me</span> <span class='ocrx_word' id='word_1_226' title='bbox 1341 1863 1480 1899; x_wconf 85' lang='lat' dir='ltr'>invidia</span> <span class='ocrx_word' id='word_1_227' title='bbox 1505 1862 1646 1898; x_wconf 84' lang='lat' dir='ltr'>Sullani</span> 
     </span>
     <span class='ocr_line' id='line_1_29' title="bbox 144 1925 708 1970; baseline -0.004 -9"><span class='ocrx_word' id='word_1_228' title='bbox 144 1925 331 1970; x_wconf 84' lang='lat' dir='ltr'>temporis,</span> <span class='ocrx_word' id='word_1_229' title='bbox 360 1935 467 1970; x_wconf 89' lang='lat' dir='ltr'>quam</span> <span class='ocrx_word' id='word_1_230' title='bbox 493 1929 638 1960; x_wconf 83' lang='lat' dir='ltr'>taceam</span> <span class='ocrx_word' id='word_1_231' title='bbox 658 1925 708 1968; x_wconf 72' lang='lat'>⁴).</span> 
     </span>
    </p>

    <p class='ocr_par' dir='ltr' id='par_1_11' title="bbox 146 1979 1647 2146">
     <span class='ocr_line' id='line_1_30' title="bbox 241 1979 1647 2028; baseline -0.004 -8"><span class='ocrx_word' id='word_1_232' title='bbox 241 1987 260 2025; x_wconf 67' lang='grc' dir='ltr'>ἓ</span> <span class='ocrx_word' id='word_1_233' title='bbox 290 1987 342 2020; x_wconf 85' lang='grc'>11.</span> <span class='ocrx_word' id='word_1_234' title='bbox 369 1984 429 2019; x_wconf 86' lang='lat' dir='ltr'>Te</span> <span class='ocrx_word' id='word_1_235' title='bbox 456 1994 640 2028; x_wconf 90' lang='lat' dir='ltr'>quoque</span> <span class='ocrx_word' id='word_1_236' title='bbox 666 1984 862 2019; x_wconf 79' lang='lat' dir='ltr'>maximo</span> <span class='ocrx_word' id='word_1_237' title='bbox 898 1994 1059 2028; x_wconf 89' lang='lat' dir='ltr'>opere,</span> <span class='ocrx_word' id='word_1_238' title='bbox 1096 1983 1257 2027; x_wconf 84' lang='lat' dir='ltr'>Fanni]</span> <span class='ocrx_word' id='word_1_239' title='bbox 1299 1981 1459 2016; x_wconf 82' lang='lat' dir='ltr'>Fannius</span> <span class='ocrx_word' id='word_1_240' title='bbox 1486 1979 1647 2025; x_wconf 84' lang='lat' dir='ltr'>praefuit</span> 
     </span>
     <span class='ocr_line' id='line_1_31' title="bbox 146 2040 1646 2087; baseline -0.002 -10"><span class='ocrx_word' id='word_1_241' title='bbox 146 2043 345 2087; x_wconf 86' lang='lat' dir='ltr'>aliquando</span> <span class='ocrx_word' id='word_1_242' title='bbox 371 2042 455 2077; x_wconf 84' lang='lat' dir='ltr'>huie</span> <span class='ocrx_word' id='word_1_243' title='bbox 482 2043 689 2086; x_wconf 85' lang='lat' dir='ltr'>quaestioni</span> <span class='ocrx_word' id='word_1_244' title='bbox 715 2043 761 2077; x_wconf 90' lang='lat' dir='ltr'>de</span> <span class='ocrx_word' id='word_1_245' title='bbox 790 2043 945 2077; x_wconf 82' lang='lat' dir='ltr'>sicariis.</span> <span class='ocrx_word' id='word_1_246' title='bbox 980 2042 1127 2076; x_wconf 78' lang='lat' dir='ltr'>Excitat</span> <span class='ocrx_word' id='word_1_247' title='bbox 1154 2042 1265 2076; x_wconf 83' lang='lat' dir='ltr'>etiam</span> <span class='ocrx_word' id='word_1_248' title='bbox 1284 2040 1405 2075; x_wconf 84' lang='lat' dir='ltr'>inhao</span> <span class='ocrx_word' id='word_1_249' title='bbox 1427 2040 1646 2085; x_wconf 82' lang='lat' dir='ltr'>quaestione</span> 
     </span>
     <span class='ocr_line' id='line_1_32' title="bbox 148 2101 901 2146; baseline -0.003 -10"><span class='ocrx_word' id='word_1_250' title='bbox 148 2102 196 2136; x_wconf 87' lang='lat' dir='ltr'>ad</span> <span class='ocrx_word' id='word_1_251' title='bbox 222 2102 411 2146; x_wconf 87' lang='lat' dir='ltr'>antiquum</span> <span class='ocrx_word' id='word_1_252' title='bbox 437 2103 602 2137; x_wconf 85' lang='lat' dir='ltr'>severius</span> <span class='ocrx_word' id='word_1_253' title='bbox 620 2103 655 2146; x_wconf 76' lang='lat'>⁵)</span> <span class='ocrx_word' id='word_1_254' title='bbox 686 2101 901 2145; x_wconf 79' lang='lat' dir='ltr'>exemplum.</span> 
     </span>
    </p>

    <p class='ocr_par' dir='ltr' id='par_1_12' title="bbox 149 2157 1642 2264">
     <span class='ocr_line' id='line_1_33' title="bbox 241 2157 1642 2204; baseline -0.002 -10"><span class='ocrx_word' id='word_1_255' title='bbox 241 2160 336 2204; x_wconf 86' lang='lat' dir='ltr'>Kap.</span> <span class='ocrx_word' id='word_1_256' title='bbox 362 2160 406 2196; x_wconf 92' lang='lat' dir='ltr'>V.</span> <span class='ocrx_word' id='word_1_257' title='bbox 457 2161 639 2203; x_wconf 78' lang='lat' dir='ltr'>Quanta</span> <span class='ocrx_word' id='word_1_258' title='bbox 678 2159 951 2204; x_wconf 84' lang='lat' dir='ltr'>multitudo]</span> <span class='ocrx_word' id='word_1_259' title='bbox 993 2159 1109 2202; x_wconf 79' lang='lat' dir='ltr'>Estl)</span> <span class='ocrx_word' id='word_1_260' title='bbox 1147 2158 1216 2193; x_wconf 88' lang='grc'>1100</span> <span class='ocrx_word' id='word_1_261' title='bbox 1253 2159 1289 2192; x_wconf 87' lang='grc'>111</span> <span class='ocrx_word' id='word_1_262' title='bbox 1317 2157 1509 2193; x_wconf 86' lang='lat' dir='ltr'>rhetoricis</span> <span class='ocrx_word' id='word_1_263' title='bbox 1537 2166 1642 2201; x_wconf 85' lang='lat' dir='ltr'>prae-</span> 
     </span>
     <span class='ocr_line' id='line_1_34' title="bbox 149 2217 1567 2264; baseline -0.003 -10"><span class='ocrx_word' id='word_1_264' title='bbox 149 2223 296 2264; x_wconf 86' lang='lat' dir='ltr'>ceptum</span> <span class='ocrx_word' id='word_1_265' title='bbox 321 2222 356 2253; x_wconf 86' lang='lat' dir='ltr'>et</span> <span class='ocrx_word' id='word_1_266' title='bbox 386 2218 532 2264; x_wconf 81' lang='lat' dir='ltr'>[h002)]</span> <span class='ocrx_word' id='word_1_267' title='bbox 562 2220 608 2254; x_wconf 86' lang='lat' dir='ltr'>ad</span> <span class='ocrx_word' id='word_1_268' title='bbox 634 2220 804 2254; x_wconf 87' lang='lat' dir='ltr'>virtutem</span> <span class='ocrx_word' id='word_1_269' title='bbox 831 2218 999 2263; x_wconf 82' lang='lat' dir='ltr'>principii</span> <span class='ocrx_word' id='word_1_270' title='bbox 1027 2218 1194 2262; x_wconf 79' lang='lat' dir='ltr'>pertinet,</span> <span class='ocrx_word' id='word_1_271' title='bbox 1223 2217 1322 2261; x_wconf 88' lang='lat' dir='ltr'>quod</span> <span class='ocrx_word' id='word_1_272' title='bbox 1347 2217 1567 2261; x_wconf 80' lang='lat' dir='ltr'>appellatur.</span> 
     </span>
    </p>

    <p class='ocr_par' dir='ltr' id='par_1_13' title="bbox 148 2275 1645 2381">
     <span class='ocr_line' id='line_1_35' title="bbox 243 2275 1645 2323; baseline -0.002 -11"><span class='ocrx_word' id='word_1_273' title='bbox 243 2279 400 2323; x_wconf 86' lang='lat' dir='ltr'>Longo</span> <span class='ocrx_word' id='word_1_274' title='bbox 430 2279 615 2322; x_wconf 75' lang='lat' dir='ltr'>[item³)]</span> <span class='ocrx_word' id='word_1_275' title='bbox 643 2278 917 2322; x_wconf 78' lang='lat' dir='ltr'>intervallo]</span> <span class='ocrx_word' id='word_1_276' title='bbox 953 2277 1131 2320; x_wconf 80' lang='lat' dir='ltr'>Quoniam</span> <span class='ocrx_word' id='word_1_277' title='bbox 1166 2280 1251 2321; x_wconf 86' lang='lat' dir='ltr'>post</span> <span class='ocrx_word' id='word_1_278' title='bbox 1284 2280 1451 2320; x_wconf 86' lang='lat' dir='ltr'>tempora</span> <span class='ocrx_word' id='word_1_279' title='bbox 1485 2275 1571 2310; x_wconf 87' lang='lat' dir='ltr'>belli</span> <span class='ocrx_word' id='word_1_280' title='bbox 1597 2275 1645 2309; x_wconf 87' lang='grc'>01-</span> 
     </span>
     <span class='ocr_line' id='line_1_36' title="bbox 148 2337 1215 2381; baseline -0.003 -8"><span class='ocrx_word' id='word_1_281' title='bbox 148 2337 231 2373; x_wconf 84' lang='lat' dir='ltr'>vilis</span> <span class='ocrx_word' id='word_1_282' title='bbox 257 2338 439 2373; x_wconf 86' lang='lat' dir='ltr'>restitutis</span> <span class='ocrx_word' id='word_1_283' title='bbox 465 2337 609 2373; x_wconf 81' lang='lat' dir='ltr'>iudiciis</span> <span class='ocrx_word' id='word_1_284' title='bbox 635 2337 727 2373; x_wconf 85' lang='lat' dir='ltr'>haee</span> <span class='ocrx_word' id='word_1_285' title='bbox 752 2338 869 2381; x_wconf 89' lang='lat' dir='ltr'>prima</span> <span class='ocrx_word' id='word_1_286' title='bbox 899 2347 1013 2372; x_wconf 82' lang='lat' dir='ltr'>causa</span> <span class='ocrx_word' id='word_1_287' title='bbox 1039 2339 1122 2371; x_wconf 82' lang='lat' dir='ltr'>acta</span> <span class='ocrx_word' id='word_1_288' title='bbox 1149 2340 1215 2371; x_wconf 89' lang='lat' dir='ltr'>est.</span> 
     </span>
    </p>
   </div>
   <div class='ocr_carea' id='block_1_6' title="bbox 149 2411 409 2415">
    <p class='ocr_par' dir='ltr' id='par_1_14' title="bbox 149 2411 409 2415">
     <span class='ocr_line' id='line_1_37' title="bbox 149 2411 409 2415; baseline 0 0"><span class='ocrx_word' id='word_1_289' title='bbox 149 2411 409 2415; x_wconf 95' lang='lat' dir='ltr'> </span> 
     </span>
    </p>
   </div>
   <div class='ocr_carea' id='block_1_7' title="bbox 151 2441 1648 2674">
    <p class='ocr_par' dir='ltr' id='par_1_15' title="bbox 151 2441 1648 2674">
     <span class='ocr_line' id='line_1_38' title="bbox 246 2441 1647 2485; baseline -0.004 -9"><span class='ocrx_word' id='word_1_290' title='bbox 246 2445 281 2485; x_wconf 88' lang='lat'>3)</span> <span class='ocrx_word' id='word_1_291' title='bbox 307 2445 346 2477; x_wconf 91' lang='lat' dir='ltr'>G.</span> <span class='ocrx_word' id='word_1_292' title='bbox 375 2444 430 2476; x_wconf 85' lang='lat' dir='ltr'>Or.</span> <span class='ocrx_word' id='word_1_293' title='bbox 457 2445 500 2475; x_wconf 85' lang='lat' dir='ltr'>Et</span> <span class='ocrx_word' id='word_1_294' title='bbox 531 2446 621 2484; x_wconf 89' lang='lat' dir='ltr'>quod</span> <span class='ocrx_word' id='word_1_295' title='bbox 647 2444 863 2475; x_wconf 85' lang='lat' dir='ltr'>subaudimus</span> <span class='ocrx_word' id='word_1_296' title='bbox 899 2445 1118 2484; x_wconf 81' lang='lat' dir='ltr'>perferam</span> <span class='ocrx_word' id='word_1_297' title='bbox 1152 2453 1213 2473; x_wconf 87' lang='lat' dir='ltr'>me</span> <span class='ocrx_word' id='word_1_298' title='bbox 1246 2451 1373 2472; x_wconf 85' lang='lat' dir='ltr'>onere</span> <span class='ocrx_word' id='word_1_299' title='bbox 1397 2442 1520 2471; x_wconf 81' lang='lat' dir='ltr'>malo.</span> <span class='ocrx_word' id='word_1_300' title='bbox 1571 2441 1647 2471; x_wconf 90' lang='lat' dir='ltr'>Von</span> 
     </span>
     <span class='ocr_line' id='line_1_39' title="bbox 151 2488 1647 2531; baseline -0.004 -8"><span class='ocrx_word' id='word_1_301' title='bbox 151 2493 215 2523; x_wconf 87' lang='lat' dir='ltr'>den</span> <span class='ocrx_word' id='word_1_302' title='bbox 243 2503 287 2523; x_wconf 82' lang='lat' dir='ltr'>an</span> <span class='ocrx_word' id='word_1_303' title='bbox 313 2492 420 2523; x_wconf 82' lang='lat' dir='ltr'>dieser</span> <span class='ocrx_word' id='word_1_304' title='bbox 445 2492 547 2524; x_wconf 81' lang='lat' dir='ltr'>Stelle</span> <span class='ocrx_word' id='word_1_305' title='bbox 586 2493 894 2531; x_wconf 69' lang='lat' dir='ltr'>vorgeschlagenen</span> <span class='ocrx_word' id='word_1_306' title='bbox 920 2492 1210 2528; x_wconf 83' lang='lat' dir='ltr'>Verbesserungen</span> <span class='ocrx_word' id='word_1_307' title='bbox 1244 2489 1371 2520; x_wconf 81' lang='lat' dir='ltr'>scheiut</span> <span class='ocrx_word' id='word_1_308' title='bbox 1397 2488 1460 2518; x_wconf 88' lang='lat' dir='ltr'>mir</span> <span class='ocrx_word' id='word_1_309' title='bbox 1484 2489 1536 2518; x_wconf 89' lang='lat' dir='ltr'>die</span> <span class='ocrx_word' id='word_1_310' title='bbox 1563 2488 1647 2518; x_wconf 86' lang='lat' dir='ltr'>oben</span> 
     </span>
     <span class='ocr_line' id='line_1_40' title="bbox 151 2535 1647 2578; baseline -0.004 -8"><span class='ocrx_word' id='word_1_311' title='bbox 151 2540 429 2578; x_wconf 82' lang='lat' dir='ltr'>ausgenommene</span> <span class='ocrx_word' id='word_1_312' title='bbox 454 2538 505 2570; x_wconf 84' lang='lat' dir='ltr'>B.&#39;</span> <span class='ocrx_word' id='word_1_313' title='bbox 530 2539 648 2569; x_wconf 85' lang='lat' dir='ltr'>immer</span> <span class='ocrx_word' id='word_1_314' title='bbox 672 2541 761 2570; x_wconf 82' lang='lat' dir='ltr'>noch</span> <span class='ocrx_word' id='word_1_315' title='bbox 786 2540 838 2570; x_wconf 86' lang='lat' dir='ltr'>die</span> <span class='ocrx_word' id='word_1_316' title='bbox 865 2540 954 2569; x_wconf 86' lang='lat' dir='ltr'>beste</span> <span class='ocrx_word' id='word_1_317' title='bbox 980 2549 1020 2568; x_wconf 88' lang='lat' dir='ltr'>zu</span> <span class='ocrx_word' id='word_1_318' title='bbox 1044 2538 1123 2568; x_wconf 86' lang='lat' dir='ltr'>sein.</span> <span class='ocrx_word' id='word_1_319' title='bbox 1158 2538 1253 2568; x_wconf 84' lang='lat' dir='ltr'>Sch.:</span> <span class='ocrx_word' id='word_1_320' title='bbox 1280 2537 1323 2566; x_wconf 87' lang='lat' dir='ltr'>Et</span> <span class='ocrx_word' id='word_1_321' title='bbox 1350 2535 1540 2575; x_wconf 81' lang='lat' dir='ltr'>(eiusmodi)</span> <span class='ocrx_word' id='word_1_322' title='bbox 1568 2535 1647 2574; x_wconf 85' lang='lat' dir='ltr'>quid</span> 
     </span>
     <span class='ocr_line' id='line_1_41' title="bbox 152 2582 1648 2627; baseline -0.003 -10"><span class='ocrx_word' id='word_1_323' title='bbox 152 2587 368 2618; x_wconf 83' lang='lat' dir='ltr'>subaudimus</span> <span class='ocrx_word' id='word_1_324' title='bbox 394 2586 445 2627; x_wconf 84' lang='lat' dir='ltr'>(in</span> <span class='ocrx_word' id='word_1_325' title='bbox 470 2586 590 2625; x_wconf 77' lang='lat' dir='ltr'>verbis)</span> <span class='ocrx_word' id='word_1_326' title='bbox 630 2588 846 2626; x_wconf 83' lang='lat' dir='ltr'>perferam</span> <span class='ocrx_word' id='word_1_327' title='bbox 876 2605 916 2608; x_wconf 97' lang='lat'><strong>—</strong></span> <span class='ocrx_word' id='word_1_328' title='bbox 946 2603 987 2607; x_wconf 80' lang='lat'>-</span> <span class='ocrx_word' id='word_1_329' title='bbox 1014 2595 1075 2615; x_wconf 86' lang='lat' dir='ltr'>me</span> <span class='ocrx_word' id='word_1_330' title='bbox 1114 2594 1241 2615; x_wconf 88' lang='lat' dir='ltr'>onere</span> <span class='ocrx_word' id='word_1_331' title='bbox 1280 2594 1310 2614; x_wconf 87' lang='grc'>0.</span> <span class='ocrx_word' id='word_1_332' title='bbox 1348 2583 1476 2613; x_wconf 88' lang='lat' dir='ltr'>malo.</span> <span class='ocrx_word' id='word_1_333' title='bbox 1526 2582 1648 2612; x_wconf 77' lang='lat' dir='ltr'>Melius</span> 
     </span>
     <span class='ocr_line' id='line_1_42' title="bbox 152 2629 1647 2674; baseline -0.004 -10"><span class='ocrx_word' id='word_1_334' title='bbox 152 2639 210 2665; x_wconf 87' lang='lat' dir='ltr'>est.</span> <span class='ocrx_word' id='word_1_335' title='bbox 259 2635 318 2664; x_wconf 90' lang='lat' dir='ltr'>E.:</span> <span class='ocrx_word' id='word_1_336' title='bbox 355 2635 398 2664; x_wconf 85' lang='lat' dir='ltr'>ad</span> <span class='ocrx_word' id='word_1_337' title='bbox 439 2635 579 2673; x_wconf 84' lang='lat' dir='ltr'>quoad</span> <span class='ocrx_word' id='word_1_338' title='bbox 618 2634 833 2664; x_wconf 80' lang='lat' dir='ltr'>subaudimus</span> <span class='ocrx_word' id='word_1_339' title='bbox 874 2634 1016 2674; x_wconf 86' lang='lat' dir='ltr'>perferre</span> <span class='ocrx_word' id='word_1_340' title='bbox 1055 2642 1097 2662; x_wconf 80' lang='lat' dir='ltr'>ex</span> <span class='ocrx_word' id='word_1_341' title='bbox 1130 2633 1304 2672; x_wconf 85' lang='lat' dir='ltr'>perferam.</span> <span class='ocrx_word' id='word_1_342' title='bbox 1356 2629 1546 2669; x_wconf 86' lang='lat' dir='ltr'>opprimi</span> <span class='ocrx_word' id='word_1_343' title='bbox 1588 2639 1647 2659; x_wconf 87' lang='lat' dir='ltr'>me</span> 
     </span>
    </p>
   </div>
   <div class='ocr_carea' id='block_1_8' title="bbox 152 2678 1648 2814">
    <p class='ocr_par' dir='ltr' id='par_1_16' title="bbox 152 2678 1648 2814">
     <span class='ocr_line' id='line_1_43' title="bbox 152 2678 1648 2722; baseline -0.004 -11"><span class='ocrx_word' id='word_1_344' title='bbox 152 2691 279 2712; x_wconf 87' lang='lat' dir='ltr'>onere</span> <span class='ocrx_word' id='word_1_345' title='bbox 304 2679 428 2722; x_wconf 83' lang='lat' dir='ltr'>malo]</span> <span class='ocrx_word' id='word_1_346' title='bbox 468 2681 587 2711; x_wconf 87' lang='lat' dir='ltr'>melius</span> <span class='ocrx_word' id='word_1_347' title='bbox 619 2687 667 2711; x_wconf 85' lang='lat' dir='ltr'>est</span> <span class='ocrx_word' id='word_1_348' title='bbox 694 2706 700 2711; x_wconf 94' lang='lat'>.</span> <span class='ocrx_word' id='word_1_349' title='bbox 730 2705 735 2711; x_wconf 93' lang='lat'>.</span> <span class='ocrx_word' id='word_1_350' title='bbox 765 2706 770 2711; x_wconf 95' lang='lat'>.</span> <span class='ocrx_word' id='word_1_351' title='bbox 799 2699 841 2703; x_wconf 78' lang='lat'>—</span> <span class='ocrx_word' id='word_1_352' title='bbox 895 2681 928 2719; x_wconf 67' lang='lat'>4)</span> <span class='ocrx_word' id='word_1_353' title='bbox 957 2680 1107 2718; x_wconf 69' lang='lat' dir='ltr'>Unn&#39;otig</span> <span class='ocrx_word' id='word_1_354' title='bbox 1138 2680 1179 2710; x_wconf 88' lang='lat' dir='ltr'>ist</span> <span class='ocrx_word' id='word_1_355' title='bbox 1212 2679 1264 2709; x_wconf 88' lang='lat' dir='ltr'>die</span> <span class='ocrx_word' id='word_1_356' title='bbox 1289 2678 1484 2715; x_wconf 68' lang='lat' dir='ltr'>Einfiigung</span> <span class='ocrx_word' id='word_1_357' title='bbox 1515 2686 1580 2706; x_wconf 72' lang='lat' dir='ltr'>von</span> <span class='ocrx_word' id='word_1_358' title='bbox 1606 2681 1648 2706; x_wconf 87' lang='lat' dir='ltr'>ut</span> 
     </span>
     <span class='ocr_line' id='line_1_44' title="bbox 153 2723 1647 2768; baseline -0.003 -9"><span class='ocrx_word' id='word_1_359' title='bbox 153 2729 241 2759; x_wconf 82' lang='lat' dir='ltr'>naoh</span> <span class='ocrx_word' id='word_1_360' title='bbox 266 2738 368 2768; x_wconf 83' lang='lat' dir='ltr'>quam</span> <span class='ocrx_word' id='word_1_361' title='bbox 395 2727 447 2758; x_wconf 82' lang='lat' dir='ltr'>bei</span> <span class='ocrx_word' id='word_1_362' title='bbox 472 2728 510 2758; x_wconf 92' lang='lat' dir='ltr'>B.</span> <span class='ocrx_word' id='word_1_363' title='bbox 539 2746 581 2749; x_wconf 97' lang='lat'><strong>—</strong></span> <span class='ocrx_word' id='word_1_364' title='bbox 634 2729 666 2767; x_wconf 83' lang='lat'>5)</span> <span class='ocrx_word' id='word_1_365' title='bbox 697 2728 752 2759; x_wconf 90' lang='lat' dir='ltr'>Or.</span> <span class='ocrx_word' id='word_1_366' title='bbox 780 2733 943 2759; x_wconf 72' lang='lat' dir='ltr'>ver-mutet</span> <span class='ocrx_word' id='word_1_367' title='bbox 968 2727 1162 2757; x_wconf 78' lang='lat' dir='ltr'>severitatis.</span> <span class='ocrx_word' id='word_1_368' title='bbox 1203 2744 1245 2747; x_wconf 97' lang='lat'><strong>—</strong></span> <span class='ocrx_word' id='word_1_369' title='bbox 1299 2727 1331 2763; x_wconf 87' lang='lat'>1)</span> <span class='ocrx_word' id='word_1_370' title='bbox 1362 2730 1393 2753; x_wconf 84' lang='lat' dir='ltr'>et</span> <span class='ocrx_word' id='word_1_371' title='bbox 1419 2724 1458 2755; x_wconf 90' lang='lat' dir='ltr'>G.</span> <span class='ocrx_word' id='word_1_372' title='bbox 1487 2724 1542 2755; x_wconf 90' lang='lat' dir='ltr'>Gr.</span> <span class='ocrx_word' id='word_1_373' title='bbox 1571 2723 1647 2755; x_wconf 86' lang='lat' dir='ltr'>Or.:</span> 
     </span>
     <span class='ocr_line' id='line_1_45' title="bbox 153 2771 1647 2814; baseline -0.005 -8"><span class='ocrx_word' id='word_1_374' title='bbox 153 2781 203 2806; x_wconf 83' lang='lat' dir='ltr'>est</span> <span class='ocrx_word' id='word_1_375' title='bbox 227 2776 266 2806; x_wconf 90' lang='grc' dir='ltr'>Β.</span> <span class='ocrx_word' id='word_1_376' title='bbox 293 2793 335 2797; x_wconf 88' lang='lat'>--</span> <span class='ocrx_word' id='word_1_377' title='bbox 366 2776 397 2814; x_wconf 83' lang='lat'>2)</span> <span class='ocrx_word' id='word_1_378' title='bbox 425 2776 503 2805; x_wconf 84' lang='lat' dir='ltr'>hoe</span> <span class='ocrx_word' id='word_1_379' title='bbox 529 2775 615 2805; x_wconf 84' lang='lat' dir='ltr'>habe</span> <span class='ocrx_word' id='word_1_380' title='bbox 641 2775 695 2805; x_wconf 86' lang='lat' dir='ltr'>ich</span> <span class='ocrx_word' id='word_1_381' title='bbox 723 2775 1000 2814; x_wconf 78' lang='lat' dir='ltr'>e&#39;mgesehlossen.</span> <span class='ocrx_word' id='word_1_382' title='bbox 1028 2792 1070 2796; x_wconf 90' lang='lat'>—-</span> <span class='ocrx_word' id='word_1_383' title='bbox 1100 2777 1133 2805; x_wconf 79' lang='grc'>31</span> <span class='ocrx_word' id='word_1_384' title='bbox 1162 2773 1262 2803; x_wconf 85' lang='lat' dir='ltr'>item</span> <span class='ocrx_word' id='word_1_385' title='bbox 1288 2772 1331 2802; x_wconf 85' lang='lat' dir='ltr'>ist</span> <span class='ocrx_word' id='word_1_386' title='bbox 1356 2772 1520 2801; x_wconf 78' lang='lat' dir='ltr'>entweder</span> <span class='ocrx_word' id='word_1_387' title='bbox 1545 2771 1647 2800; x_wconf 85' lang='lat' dir='ltr'>durch</span> 
     </span>
    </p>
   </div>
   <div class='ocr_carea' id='block_1_9' title="bbox 153 2817 1648 2902">
    <p class='ocr_par' dir='ltr' id='par_1_17' title="bbox 153 2817 1648 2902">
     <span class='ocr_line' id='line_1_46' title="bbox 153 2817 1648 2862; baseline -0.003 -10"><span class='ocrx_word' id='word_1_388' title='bbox 153 2822 390 2862; x_wconf 83' lang='lat' dir='ltr'>Dittographie</span> <span class='ocrx_word' id='word_1_389' title='bbox 428 2832 488 2852; x_wconf 85' lang='lat' dir='ltr'>aus</span> <span class='ocrx_word' id='word_1_390' title='bbox 527 2823 602 2852; x_wconf 88' lang='lat' dir='ltr'>dem</span> <span class='ocrx_word' id='word_1_391' title='bbox 628 2823 807 2861; x_wconf 84' lang='lat' dir='ltr'>folgenden</span> <span class='ocrx_word' id='word_1_392' title='bbox 832 2822 1045 2853; x_wconf 82' lang='lat' dir='ltr'>intervallo</span> <span class='ocrx_word' id='word_1_393' title='bbox 1071 2821 1268 2851; x_wconf 79' lang='lat' dir='ltr'>entstanden</span> <span class='ocrx_word' id='word_1_394' title='bbox 1306 2819 1373 2850; x_wconf 90' lang='lat' dir='ltr'>und</span> <span class='ocrx_word' id='word_1_395' title='bbox 1409 2828 1449 2849; x_wconf 85' lang='lat' dir='ltr'>zu</span> <span class='ocrx_word' id='word_1_396' title='bbox 1475 2817 1648 2855; x_wconf 76' lang='lat' dir='ltr'>streiehen,</span> 
     </span>
     <span class='ocr_line' id='line_1_47' title="bbox 154 2869 810 2902; baseline 0.003 -2"><span class='ocrx_word' id='word_1_397' title='bbox 154 2870 234 2902; x_wconf 88' lang='lat' dir='ltr'>oder</span> <span class='ocrx_word' id='word_1_398' title='bbox 258 2869 320 2901; x_wconf 86' lang='lat' dir='ltr'>mit</span> <span class='ocrx_word' id='word_1_399' title='bbox 343 2870 445 2900; x_wconf 84' lang='lat' dir='ltr'>Halm</span> <span class='ocrx_word' id='word_1_400' title='bbox 471 2869 623 2900; x_wconf 84' lang='lat' dir='ltr'>iterum</span> <span class='ocrx_word' id='word_1_401' title='bbox 647 2880 687 2901; x_wconf 83' lang='lat' dir='ltr'>zu</span> <span class='ocrx_word' id='word_1_402' title='bbox 711 2870 810 2902; x_wconf 86' lang='lat' dir='ltr'>lesen.</span> 
     </span>
    </p>
   </div>
  </div>
 </body>
</html>
