1820 3068
501 133 571 169 Pro
598 133 680 169 Sex.
706 132 842 170 Roscio
870 145 899 170 c.
925 136 971 171 20
998 138 1017 177 ξ
1044 132 1193 172 55-56-
1540 134 1593 177 45

99 249 182 296 est,
212 244 359 297 Eruci,
390 244 488 297 quin
519 243 624 285 sciat
652 244 726 286 tibi
756 244 994 286 inimicitias
1026 259 1116 287 cum
1148 245 1244 286 Sex.
1277 244 1427 286 Roscio
1458 246 1595 286 nullas

99 324 214 363 esse3
246 311 388 352 vident
417 324 573 363 omnes,
601 324 683 364 qua
716 311 766 352 de
792 325 919 352 causa
946 312 1025 353 huc
1050 312 1241 353 inimicus
1264 312 1430 363 venias3
1461 312 1595 353 sciunt

98 378 268 419 huiusce
299 377 477 431 pecunia
507 382 546 418 te
577 377 799 418 adductum
827 390 928 419 esse.
974 378 1083 427 Quid
1117 391 1217 431 ergo
1250 377 1342 418 est‘?
1372 378 1436 418 Ita
1456 383 1594 420 tamen

98 449 295 497 quaestus
326 448 365 484 te
395 443 589 497 cupidum
620 457 712 484 esse
744 444 975 497 oportebat,
1008 449 1050 485 ut
1077 444 1222 485 horum
1245 444 1595 486 existimationem

99 514 139 552 et
168 510 305 563 legem
335 510 566 550 Remmiam
597 514 766 563 putares
797 510 954 564 aliquid
988 512 1127 551 valere
1159 515 1363 563 oportere.

206 576 303 616 XX.
349 577 629 617 Accusatores
670 578 820 618 multos
859 590 951 618 esse
994 577 1034 617 in
1075 577 1242 618 civitate
1281 576 1380 618 utile
1423 581 1507 628 est,
1553 580 1596 617 ut

97 646 207 684 metu
239 641 498 684 contineatur
528 642 725 695 audacia,
767 657 908 684 verum
940 648 1078 686 tamen
1111 643 1190 685 hoc
1220 643 1279 684 ita
1312 647 1374 684 est
1403 643 1521 695 utile,
1553 647 1597 683 ut

96 722 148 750 ne
179 709 303 762 plane
333 709 556 750 illudamur
586 710 639 750 ab
671 710 994 751 accusatoribus.
1046 710 1252 752 Innocens
1284 714 1346 751 est
1375 709 1595 762 quispiam,

97 788 238 816 verum
276 779 434 825 tamen,
479 789 728 829 quamquam
769 776 888 817 abest
925 790 950 817 a
987 777 1134 830 culpa,
1179 775 1417 830 suspicione
1457 779 1596 817 tamen

97 855 178 883 non
210 847 344 894 caret,
377 843 542 883 tametsi
573 844 766 883 miserum
800 847 883 895 est,
915 848 1053 884 tamen
1085 843 1143 896 ei,
1177 843 1245 896 qui
1276 843 1385 884 hunc
1415 847 1596 893 accuset,

99 909 254 962 possim
295 909 434 961 aliquo
475 909 598 950 modo
640 909 872 962 ignoscere.
942 911 1042 951 Cum
1083 910 1191 951 enim
1232 909 1389 962 aliquid
1428 909 1595 961 habeat,

98 974 207 1029 quod
251 974 385 1028 possit
424 975 644 1016 criminose
677 989 726 1016 ac
758 976 988 1029 suspiciose
1018 977 1175 1028 dicere,
1218 982 1361 1030 aperte
1393 975 1596 1017 ludificari

97 1045 137 1082 et
167 1040 413 1081 calumniari
442 1041 579 1082 sciens
609 1054 692 1083 non
726 1042 927 1083 videatur.
989 1043 1128 1092 Quare
1162 1043 1284 1085 facile
1316 1056 1459 1084 omnes
1489 1042 1644 1096 pati-5⁶

97 1120 187 1148 mur
217 1120 309 1148 esse
341 1120 462 1160 quam
496 1108 695 1161 plurimos
726 1113 1007 1159 accusatores,
1039 1109 1149 1162 quod
1174 1110 1385 1162 innocens,
1419 1110 1452 1150 si
1475 1122 1593 1150 accu-

97 1178 212 1214 satus
243 1178 326 1226 est,
359 1174 521 1215 absolvi
552 1179 708 1228 potest,
749 1188 926 1227 nocens,
960 1175 1038 1216 nisi
1069 1181 1290 1217 accusatus
1324 1177 1465 1228 suerit,
1499 1189 1593 1217 con-

98 1240 285 1282 demnari
325 1253 406 1281 non
451 1244 612 1294 potest3
661 1241 799 1282 utilius
844 1246 908 1283 est
952 1247 1089 1284 autem
1130 1244 1294 1285 absolvi
1332 1244 1595 1284 innocentem

97 1320 220 1360 quam
250 1311 468 1348 nocentem
498 1319 667 1348 causam
691 1320 772 1348 non
798 1307 949 1350 dicere.
996 1310 1225 1351 Anseribus
1250 1310 1409 1351 cibaria
1429 1309 1595 1363 publice

195 1405 339 1438 Testem.
366 1408 433 1438 vet.

190 1463 301 1498 Auct.
330 1463 610 1498 Aululariae
635 1463 713 1498 sive
739 1463 887 1505 Queroli
913 1473 948 1507 p.
968 1466 1023 1506 30,
1045 1467 1088 1501 21
1115 1465 1264 1509 Peiper:
1292 1466 1346 1500 De
1374 1465 1453 1500 istis
1480 1475 1594 1509 quon-

95 1522 179 1556 dam
208 1532 363 1567 magnus
391 1523 482 1557 dixit
506 1523 708 1558 Tullius:
752 1523 974 1566 ,Anseribus
1011 1524 1152 1559 cibaria
1182 1525 1329 1568 publice
1362 1525 1532 1560 locantur
1559 1529 1596 1559 et

96 1592 209 1617 canes
235 1583 381 1616 aluntur
405 1582 441 1616 in
468 1581 674 1626 Capitolio‘.

192 1641 312 1676 Sclcol.
345 1641 407 1676 Gr.

96 1705 310 1736 accusasset
325 1702 355 1744 ⁹)
391 1700 522 1744 aliquis
556 1711 654 1736 reum
682 1704 718 1735 et
744 1700 915 1744 vicisset,
952 1705 1119 1745 quartam
1146 1705 1287 1745 partem
1315 1701 1492 1737 bonorum
1517 1702 1594 1737 eius

96 1759 318 1804 accipiebat.

191 1819 352 1863 Legem
392 1817 660 1864 Remmiam]
733 1818 814 1860 Qua
851 1819 912 1863 qui
948 1818 1244 1854 calumniabatur
1281 1818 1524 1854 damnabatur
1564 1819 1594 1854 si

97 1878 231 1912 crimen
259 1877 467 1921 approbare
496 1888 569 1912 non
595 1882 752 1922 poterat.

192 1936 280 1979 Cap.
312 1937 393 1971 XX.
442 1937 762 1971 Accusatores
797 1936 923 1981 esse]
999 1936 1153 1980 Semper
1187 1937 1275 1972 vitia
1307 1937 1427 1972 vicino
1463 1937 1594 1972 timore

97 1995 289 2030 vilescunt.
339 1996 435 2040 Ergo
463 1996 498 2030 in
525 1994 581 2030 his
607 1995 792 2038 capitibus
819 1995 888 2030 hoc
916 1996 1004 2030 dicit
1031 1996 1176 2030 Cicero:
1211 1996 1246 2029 in
1274 1996 1424 2031 civitate
1452 2006 1596 2039 semper

98 2054 235 2089 debent
261 2055 384 2098 plures
411 2059 653 2089 accusatores
680 2065 774 2099 esse,
805 2058 845 2089 ut
869 2055 1022 2089 timeant
1047 2054 1204 2097 improbi
1232 2056 1292 2089 vel
1310 2057 1338 2097 ¹)
1365 2056 1593 2090 innocentes,

96 2113 189 2147 Nam
216 2118 253 2148 et
278 2117 455 2149 nocentes
482 2113 645 2147 damnari
672 2124 745 2148 non
763 2117 929 2157 possunt,
956 2113 1026 2148 nisi
1053 2114 1219 2148 accusati
1239 2113 1383 2157 fuerint,
1411 2114 1499 2149 etsi
1523 2124 1595 2159 qua

99 2172 168 2206 erit
199 2172 362 2216 suspicio
397 2172 673 2215 innocentibus,
711 2172 795 2206 dum
830 2176 1068 2216 accusantur,
1106 2173 1256 2217 purgari
1282 2176 1445 2218 possunt.
1496 2173 1594 2218 Ergo

96 2241 170 2265 non
202 2235 287 2266 sunt
312 2230 605 2276 reprehendendi
631 2236 881 2266 accusatores.

192 2292 283 2332 §56
336 2290 650 2334 Anseribus2)
691 2290 892 2336 cibaria]
939 2291 976 2324 In
1005 2290 1186 2334 Capitolio
1223 2300 1336 2325 canes
1363 2296 1406 2329 ,et
1442 2300 1594 2326 anseres

99 2348 240 2383 cibaria
266 2348 436 2384 solebant
461 2350 639 2394 accipere,
666 2354 865 2395 propterea
891 2349 990 2393 quod
1009 2360 1160 2384 anseres
1176 2350 1292 2384 nuntii
1316 2354 1401 2385 sunt
1419 2349 1593 2395 hostium,

98 2418 209 2443 canes
235 2409 394 2453 ultores;
425 2409 523 2453 quod
550 2409 643 2443 enim
676 2409 727 2443 illi
754 2408 975 2444 clamoribus
1003 2410 1188 2451 nuntiant,
1216 2409 1281 2444 hi³
1308 2409 1490 2445 morsibus
1517 2411 1593 2445 vin-

97 2467 234 2502 dicant.

194 2562 227 2599 9)
254 2560 330 2590 Den
355 2558 555 2590 Coniunctiv
578 2560 845 2600 Plusquamperf.
872 2559 916 2589 ini
942 2559 1250 2599 Bodingungssatze
1281 2559 1332 2591 bei
1364 2561 1421 2590 der
1445 2559 1593 2590 wieder-

97 2607 227 2645 holung
251 2607 285 2636 in
311 2608 368 2637 der
395 2607 664 2645 Vergangenheit
689 2609 749 2637 hat
774 2609 831 2637 der
856 2607 967 2638 Schol.
995 2609 1081 2637 auch
1107 2618 1147 2637 zu
1172 2609 1189 2647 ξ
1221 2611 1296 2638 125,
1327 2626 1367 2629 -
1407 2607 1441 2648 1)
1468 2607 1530 2637 Vel
1550 2619 1592 2635 z

99 2658 147 2692 et,
174 2654 234 2684 wie
257 2655 306 2684 oft
332 2654 365 2684 in
393 2656 450 2684 der
477 2657 628 2694 spateren
652 2654 831 2693 Latiniti'rt,
858 2665 894 2684 so
920 2665 945 2685 z.
974 2656 1011 2685 Β.
1039 2655 1106 2686 Jul.
1133 2655 1245 2685 Valer.
1274 2654 1335 2684 ΙΙΙ.
1363 2657 1402 2685 31
1439 2655 1591 2684 Francos.

98 2701 168 2732 albi
193 2702 304 2732 colore
336 2702 403 2732 vel
428 2702 490 2731 rufi
516 2714 558 2730 z
588 2703 623 2734 οἱ
648 2701 718 2745 μὲν
745 2702 869 2733 λευκοὶ
907 2703 943 2734 οἱ
974 2701 1013 2733 δὲ
1043 2704 1187 2744 πυρροί
1216 2701 1476 2739 Ps.-Callisth.,
1515 2701 1591 2731 ibid.

99 2749 151 2779 vel
176 2749 249 2788 apri
274 2749 326 2779 vel
352 2749 447 2789 pardi
473 2761 515 2777 z
543 2751 630 2780 καί-
642 2751 713 2780 καί.
750 2766 792 2771 —-
845 2750 879 2788 2)
907 2750 1008 2788 Vulg.
1037 2749 1071 2779 si
1096 2749 1278 2786 anseribus,
1304 2749 1349 2779 im
1375 2750 1482 2779 codex
1507 2750 1595 2779 steht

98 2796 375 2826 wahrschciulich
407 2796 458 2827 die
485 2796 615 2827 Initiale
649 2807 663 2827 s
696 2797 750 2836 (cf.
778 2796 1008 2835 Einleitung),
1040 2797 1092 2827 die
1128 2806 1188 2827 aus
1221 2798 1295 2826 dem
1322 2796 1457 2827 Schluss
1490 2806 1504 2826 s
1537 2797 1593 2827 des

98 2844 439 2883 vorhergegangenen
463 2844 595 2875 Wortes
620 2845 818 2875 entstanden
842 2844 894 2875 ist.
924 2863 961 2866 -
1017 2844 1050 2886 3)
1078 2844 1179 2882 Vulg.
1206 2843 1265 2874 illi.
