1820 3068
201 125 254 167 54
597 128 668 163 Pro
695 127 778 163 Sex.
805 129 941 164 Roscio
969 139 997 163 c.
1025 130 1069 165 28
1097 132 1115 171 ξ
1144 129 1296 165 77—78.

200 236 331 286 Quem
371 242 441 278 aut
479 239 683 291 quando?
739 240 935 280 Nuntium
982 239 1106 280 misit.
1165 239 1296 288 Quem
1339 242 1410 280 aut
1447 239 1501 280 ad
1539 238 1694 291 quem‘?

201 303 358 354 Pretio,
390 305 547 356 gratia,
580 319 674 359 spe,
706 307 923 359 promissis
953 304 1115 346 induxit
1144 305 1338 358 aliquem.
1402 305 1517 345 Nihil
1547 304 1692 345 horum

199 381 250 409 ne
291 370 471 424 confingi
513 372 679 425 quidem
725 377 888 426 potest3
942 376 982 413 et
1019 375 1159 413 tamen
1200 384 1328 413 causa
1372 371 1423 412 de
1466 369 1693 425 parricidio

199 435 360 476 dicitur.

307 503 526 556 Reliquum
557 508 629 555 est,
666 508 710 544 ut
738 517 813 557 per
843 516 987 544 servos
1016 502 1059 544 id
1079 502 1317 545 admiserit.
1377 503 1427 554 O,
1458 502 1500 544 di
1529 502 1694 544 immor-

198 569 324 621 tales,
372 583 455 610 rem
495 569 689 610 miseram
736 575 775 610 et
814 570 1122 620 calamitosam,
1167 569 1277 622 quod
1320 569 1361 610 in
1407 570 1480 610 tali
1524 569 1694 611 crimine

199 635 489 676 innocentibus
538 636 661 676 saluti
709 637 815 677 solet
862 649 975 687 esse,
1036 641 1079 677 ut
1125 649 1270 677 servos
1318 636 1359 676 in
1407 636 1694 689 quaestionem

200 702 485 754 polliceantur,
526 702 567 742 id
599 702 695 743 Sex.
728 702 881 743 Roscio
913 702 1052 743 facere
1081 715 1162 743 non
1193 703 1309 744 licet!
1356 702 1453 754 Vos,
1486 702 1554 755 qui
1585 702 1695 743 hunc

200 767 427 818 accusatis,
469 781 613 809 omnes
645 769 733 809 eius
764 781 908 810 servos
938 768 1125 819 habetis3
1172 781 1276 809 unus
1308 781 1409 821 puer
1433 768 1565 809 victus
1597 767 1696 809 coti-

200 834 312 874 diani
347 834 622 889 [ad]n1inister
663 848 713 875 ex
752 839 870 875 tanta
907 834 1069 875 familia
1098 835 1193 875 Sex.
1226 834 1378 876 Roscio
1415 834 1584 876 relictus
1614 846 1696 875 non

200 904 274 943 est.
331 901 390 942 Te
422 913 530 941 nunc
561 901 744 954 appello,
777 902 819 941 P.
854 901 1009 954 Scipio,
1040 905 1080 941 te
1112 901 1166 940 M.
1198 900 1387 952 Metelle3
1417 901 1538 942 vobis
1569 899 1696 942 advo·

200 966 326 1015 catis,
374 967 493 1007 vobis
531 968 752 1020 agentibus
797 967 1047 1020 aliquotiens
1093 967 1196 1008 duos
1236 980 1379 1008 servos
1420 971 1617 1021 paternos
1655 966 1697 1007 in

200 1033 486 1085 quaestionem
529 1034 581 1074 ab
619 1034 874 1075 adversariis
912 1034 1009 1075 Sex.
1047 1034 1222 1075 Roscius
1260 1034 1508 1087 postulavit,
1555 1032 1696 1074 memi-

199 1099 373 1140 nistisne
400 1100 447 1140 T.
468 1100 662 1141 Roscium
693 1100 917 1141 recusare?
948 1099 1089 1149 Quid?
1119 1100 1145 1140 ii
1177 1100 1286 1141 servi
1315 1100 1383 1140 ubi
1409 1099 1534 1140 sunt?
1567 1098 1696 1153 Chry-

199 1178 422 1219 sogonum,
452 1166 632 1217 iudices,
666 1171 896 1217 sectantur3
936 1166 1047 1219 apud
1079 1179 1169 1207 eum
1203 1171 1298 1206 sunt
1326 1167 1367 1207 in
1398 1166 1555 1207 honore
1586 1169 1627 1206 et
1655 1165 1697 1206 in

201 1233 347 1286 pretio.
422 1233 559 1273 Etiam
589 1246 720 1284 nunc,
760 1237 803 1274 ut
833 1246 884 1273 ex
914 1233 964 1273 iis
996 1236 1240 1285 quaeratur,
1283 1246 1362 1286 ego
1403 1233 1591 1287 postulo,
1629 1231 1698 1273 hic

152 1303 292 1338 78orat
323 1303 446 1351 atque
477 1298 683 1339 obsecrat.
742 1298 852 1348 Quid
894 1297 1062 1339 facitis?
1108 1311 1179 1339 cur
1214 1299 1449 1340 recusatis?
1499 1297 1697 1339 Dubitate

201 1364 325 1405 etiam
358 1378 478 1416 nunc,
511 1364 682 1417 iudices,
716 1365 750 1405 si
783 1364 973 1419 potestis,
1006 1378 1031 1405 a
1062 1377 1142 1417 quo
1173 1365 1226 1405 sit
1255 1365 1352 1406 Sex,
1383 1365 1559 1406 Roscius
1590 1364 1697 1406 occi-

201 1444 292 1480 sus,
325 1431 377 1471 ab
409 1444 533 1484 eone,
566 1432 633 1484 qui
665 1436 835 1485 propter
866 1432 977 1472 illius
1007 1435 1180 1472 mortem
1211 1432 1252 1472 in
1279 1436 1465 1485 egestate
1498 1436 1538 1472 et
1566 1431 1607 1472 in
1637 1431 1697 1472 in-

200 1497 317 1538 sidiis
349 1502 558 1547 versatur,
590 1498 654 1538 cui
685 1511 734 1539 ne
765 1498 991 1551 quaerendi
1023 1498 1188 1551 quidem
1219 1498 1269 1539 de
1300 1503 1431 1540 morte
1461 1498 1594 1552 patris
1625 1511 1698 1552 po-

199 1568 329 1605 testas
362 1564 629 1617 permittitur,
662 1577 714 1604 au
747 1565 798 1605 ab
830 1565 903 1617 iis,
934 1564 1001 1618 qui
1034 1564 1320 1618 quaestionem
1351 1563 1551 1617 fugitant,
1590 1564 1701 1605 bona

200 1629 438 1683 possident,
470 1630 510 1670 in
544 1630 673 1671 caede
703 1635 825 1683 atque
858 1645 908 1672 ex
940 1631 1069 1672 caede
1101 1631 1256 1671 vivunt.
1318 1630 1503 1681 Omnia,'
1528 1630 1700 1682 iudices,

201 1696 242 1736 in
274 1696 354 1737 hac
385 1709 513 1737 causa
544 1701 637 1737 sunt
667 1697 821 1738 misera
846 1701 970 1749 atque
997 1696 1192 1750 indigna,
1221 1701 1359 1738 tamen
1389 1697 1469 1738 hoc
1498 1697 1601 1738 nihil
1630 1711 1700 1739 ne-

203 1775 281 1814 que
314 1762 505 1803 acerbius
537 1776 672 1815 neque
703 1763 884 1816 iniquius
915 1763 1091 1817 proferri
1123 1767 1282 1817 potest:
1326 1763 1470 1804 mortis
1499 1767 1701 1817 paternae

202 1829 253 1869 dc
291 1829 424 1870 servis
466 1829 653 1882 paternis
693 1830 979 1882 quaestionem
1018 1829 1174 1870 habere
1218 1829 1303 1870 filio
1341 1842 1423 1870 non
1463 1829 1571 1871 licet.
1636 1830 1701 1871 Ne

202 1900 285 1936 tam
317 1895 387 1936 diu
419 1895 585 1948 quidem
624 1896 815 1937 dominus
855 1896 932 1937 erit
967 1896 1007 1936 in
1041 1909 1157 1945 suos,
1199 1896 1294 1936 dum
1327 1909 1377 1937 ex
1407 1895 1458 1936 iis
1489 1896 1540 1937 de
1570 1896 1702 1949 patris

202 1965 332 2002 morte
373 1962 628 2014 quaeratur?
689 1962 885 2013 Veniam,
925 1975 1059 2015 neque
1097 1962 1154 2002 ita
1187 1962 1314 2003 multo
1345 1968 1462 2016 post,
1508 1962 1563 2003 ad
1593 1962 1702 2004 hunc

201 2028 357 2079 locum;
404 2041 499 2068 nam
538 2028 616 2069 hoc
646 2031 776 2069 totum
809 2029 863 2070 ad
893 2028 1067 2070 Roscios
1105 2028 1305 2082 pertinet,
1343 2029 1394 2070 de
1424 2042 1596 2082 quorum
1629 2041 1699 2070 au-

299 2178 442 2213 Testz'm.
470 2182 537 2213 vet.

297 2247 416 2282 ›Sc-7202.
448 2248 510 2282 Gr.
553 2248 645 2292 Kap.
672 2247 832 2282 XXVIII
859 2250 877 2288 ξ
905 2248 960 2283 77.
999 2246 1053 2281 Te
1079 2256 1184 2288 nunc,
1210 2245 1346 2290 Scipio,
1373 2246 1538 2292 Metelle]
1576 2247 1701 2292 Scipio

203 2304 377 2350 urgebat,
412 2310 451 2340 ut
482 2307 578 2341 servi
603 2306 729 2342 Roscii
763 2309 1022 2350 torquerentur
1057 2310 1093 2340 et
1127 2315 1171 2339 ex
1205 2304 1261 2339 his
1290 2311 1545 2349 quaereretur,
1579 2315 1601 2340 a
1629 2316 1701 2350 quo

201 2368 306 2408 pater
331 2369 431 2400 esset
456 2365 612 2400 occisus.

297 2435 388 2475 §78
445 2435 638 2470 Veniam
680 2444 832 2479 neque
872 2434 938 2468 ita
977 2436 1086 2476 post
1128 2432 1180 2466 ad
1222 2432 1343 2468 hunc
1383 2434 1544 2479 locum]
1596 2436 1702 2470 Hunc

201 2492 319 2526 locum
348 2492 475 2528 Cicero
512 2493 652 2536 differt,
691 2497 729 2527 ut
763 2497 891 2527 contra
925 2491 1092 2526 Erucium
1111 2493 1138 2534 l)
1176 2492 1413 2535 respondeat.
1474 2493 1565 2528 Nam
1591 2494 1700 2529 modo

201 2561 241 2585 se
268 2550 356 2584 dicit
382 2551 550 2595 impediri
582 2561 741 2596 persona
772 2551 910 2593 Erucii3
952 2550 1078 2593 modo,
1116 2551 1250 2595 inquit,
1285 2552 1528 2594 respondeam
1556 2553 1700 2595 Erucio,

202 2613 288 2652 post
313 2609 359 2643 ad
385 2610 543 2645 Roscios
568 2610 722 2645 veniam.
784 2610 872 2645 Vult
904 2614 1026 2644 autem
1053 2619 1247 2653 quaerere,
1282 2610 1466 2654 quomodo
1492 2609 1630 2645 factum
1654 2611 1702 2646 sit

204 2668 448 2711 parricidium.

302 2786 334 2818 1‘)
364 2785 466 2822 Vulg.
493 2790 529 2815 ut
555 2792 671 2816 contra
695 2785 871 2816 Roscios
895 2785 1111 2824 respon<lcat3
1138 2785 1175 2815 B.
1198 2784 1254 2815 ubi
1273 2790 1387 2816 contra
1403 2784 1540 2816 Roscios
1566 2794 1701 2826 respon-

205 2832 269 2861 det.
319 2832 523 2862 Erucium
548 2833 633 2863 habe
659 2833 712 2863 ich
738 2833 771 2863 in
799 2834 861 2863 dcn
889 2833 978 2863 Text
1003 2837 1135 2871 gesetzt.
