1945 3073
101 711 125 759 ‚s
159 711 248 748 119.

276 126 357 167 3443
839 126 986 171 Kapitel
1014 126 1095 161 XLI
1123 129 1140 168 ἓ
1173 128 1250 163 119.

276 253 404 290 gegen
435 239 501 276 ihn
530 239 610 276 und
643 239 748 277 stellt
777 241 885 278 seine
904 242 1151 292 Weigerung
1183 242 1246 280 die
1280 244 1374 281 zwei
1400 242 1575 281 Sklaven
1608 256 1676 280 zur
1706 243 1813 293 pein-

275 306 405 344 lichen
427 306 659 356 Befragung
684 306 1010 357 herauszugebcn
1042 309 1099 345 als
1130 310 1181 345 im
1215 309 1403 347 hochsten
1425 309 1560 347 Grade
1584 308 1815 358 verdacbtig

276 372 367 422 dar3
399 386 429 410 8.
461 371 657 410 Saxonius
687 387 723 423 p.
756 376 828 412 66:
868 374 1121 423 ,Coniectura
1150 375 1345 425 specialis,
1378 390 1454 426 quo
1487 376 1616 412 animo
1647 375 1814 424 Magnus

276 438 373 476 duos
406 452 539 476 servos
570 438 609 476 S.
641 439 795 490 Roscii,
834 441 900 490 qui
932 454 1018 478 cum
1049 441 1313 489 occideretur,
1351 442 1583 491 adfuerunt,
1624 442 1663 478 in
1696 454 1814 492 quae-

275 506 440 543 stionem
473 505 567 542 (lare
598 512 771 552 recuset,
820 512 857 542 et
903 519 1026 556 quare
1067 512 1174 543 tanto
1220 507 1278 544 illi
1322 509 1361 544 in
1406 507 1555 545 honore
1595 509 1672 545 sint
1709 506 1814 558 apud

276 571 592 622 Chrysogonum.
652 572 768 608 Hanc
817 572 1081 609 coniecturam
1122 575 1338 623 suspiciose
1381 574 1555 624 disputat
1601 580 1732 610 orator
1779 580 1817 610 et

274 652 344 689 per
375 652 460 676 eam
491 637 634 688 probat
665 637 762 674 duos
794 638 907 675 Titos
938 638 1102 676 Roscios
1135 653 1220 677 esse
1251 647 1430 678 auctores
1463 640 1622 678 caedis‘.

387 703 520 744 Etenim
559 704 720 757 quoniam
761 702 849 758 etc]
910 704 1057 744 Cornif.
1103 706 1155 743 lV
1203 720 1288 757 cap.
1335 709 1384 744 26
1434 708 1486 743 in.
1534 706 1815 755 ,Transitio

274 778 455 819 vocatur,
494 784 597 821 quae
628 783 747 821 quum
779 771 950 808 ostendit
981 771 1173 820 breviter,
1217 772 1313 824 quid
1343 773 1489 810 dictum
1520 774 1592 821 sit,
1633 773 1818 823 proponit

273 840 366 875 item
399 837 528 887 brevi,
575 836 670 888 quid
702 844 987 888 consequatur,
1028 838 1101 875 hoc
1137 846 1271 889 pacto:
1318 839 1362 876 In
1400 840 1567 890 patriam
1598 838 1816 876 cuiusmodi

274 904 411 954 fuerit,
457 903 629 952 habetis,
676 917 804 940 nunc
840 904 880 940 in
918 911 1101 955 parentes
1131 905 1259 956 qualis
1298 907 1509 954 exstiterit,
1557 905 1815 944 considerate.

274 971 396 1008 ltem:
441 970 531 1008 Mea
560 971 599 1006 in
632 971 748 1007 istum
789 970 980 1008 beneficia
1018 972 1301 1022 cognostis3
1343 985 1471 1009 nunc
1511 971 1706 1023 quomodo
1744 972 1816 1009 iste

275 1037 369 1074 mihi
400 1039 567 1086 gratiam
598 1036 813 1085 rettulerit,
853 1038 1043 1088 accipite‘.
1105 1038 1181 1075 Die
1211 1037 1650 1089 Uebergangspartikel
1687 1039 1737 1074 ist
1777 1039 1816 1074 in

274 1102 448 1140 8010116111
486 1103 601 1141 Falle
641 1105 874 1154 quoniam
921 1104 979 1154 (in
1021 1103 1283 1154 Verbindung
1323 1105 1393 1142 mit
1437 1112 1501 1156 et,
1547 1105 1651 1152 sed,
1698 1118 1817 1155 nam,

275 1169 476 1220 igitur),
522 1169 630 1206 nicht
667 1177 957 1221 postquam,
1004 1184 1033 1209 8,
1067 1170 1238 1221 Seyffert
1274 1171 1397 1209 schol.
1430 1171 1515 1208 Lat.
1550 1171 1564 1207 I
1597 1171 1622 1221 ξ
1653 1172 1706 1209 34
1736 1170 1817 1208 und

274 1250 322 1273 zu
351 1236 511 1273 Laelius
546 1249 586 1286 p.
618 1238 681 1276 93.
742 1237 832 1287 Vgl.
866 1236 1016 1275 Cornit'.
1053 1237 1087 1273 ΙΙ
1127 1238 1152 1287 ξ
1184 1238 1235 1276 27
1282 1239 1515 1289 quoniam
1555 1238 1648 1274 satis
1687 1244 1815 1274 osten-

276 1303 380 1340 disse
410 1302 610 1351 videmur,
654 1303 797 1354 quibus
837 1304 1246 1354 argumentationibus
1292 1306 1332 1341 in
1376 1318 1452 1341 uno
1484 1317 1641 1356 quoque
1671 1317 1818 1354 genere

276 1383 419 1407 causae
438 1368 634 1406 iudicialis
657 1371 713 1406 uti
734 1370 973 1419 conveniret,
1008 1371 1250 1422 consequi
1282 1371 1487 1408 videtur
1521 1377 1570 1407 ut
1595 1369 1817 1420 doceamus,

276 1435 607 1487 quemadmodum
647 1444 740 1484 etc.,
789 1435 871 1473 Cic.
916 1436 965 1474 de
1008 1439 1101 1488 imp.
1142 1437 1279 1488 Pomp.
1327 1437 1352 1487 ἓ
1392 1438 1445 1475 20
1487 1437 1722 1488 quoniam
1766 1436 1815 1474 de

276 1516 423 1550 genere
454 1501 549 1539 belli
581 1502 675 1553 (lixi,
706 1516 834 1540 nunc
864 1502 913 1540 de
943 1503 1216 1553 magnitudine
1247 1517 1373 1554 pauca
1397 1504 1537 1542 dicam.
1580 1502 1714 1540 Ueber
1751 1502 1815 1540 die

276 1567 592 1618 W'iederholung
623 1568 691 1605 des
721 1569 902 1618 gleichen
922 1569 1116 1607 Verbums
1148 1584 1177 1607 8.
1211 1585 1242 1609 Ζ.
1276 1570 1301 1620 ξ
1325 1572 1388 1610 92.
1410 1593 1460 1598 —
1493 1568 1565 1609 dixi
1593 1569 1660 1609 iam
1691 1565 1810 1623 antea]

278 1635 302 1685 ξ
334 1638 398 1674 77.
434 1658 475 1662 -
520 1647 623 1688 saepe
655 1633 815 1688 numero]
850 1636 874 1685 ξ
906 1638 955 1675 77
987 1643 1097 1686 sagte
1129 1636 1267 1674 Cicero
1298 1651 1372 1674 nur
1402 1637 1508 1688 aliq
1521 1638 1731 1675 uotienS.
1771 1659 1810 1663 -—

276 1701 319 1742 ab
342 1699 432 1756 18118]
466 1702 618 1739 Friiher
642 1700 814 1739 erklarte
838 1715 928 1739 man
959 1703 1017 1740 ab
1050 1704 1163 1740 istis
1194 1719 1251 1738 τ-
1283 1704 1332 1740 ab
1352 1703 1554 1741 advocatis
1575 1703 1708 1740 Roscii
1732 1702 1816 1751 filii,

277 1769 448 1807 Metellis
478 1768 657 1805 Serviliis
688 1768 952 1818 Scipionibus.
993 1769 1096 1806 Dass
1129 1769 1212 1807 (1168
1243 1770 1365 1807 falsch
1399 1771 1460 1818 ist,
1491 1771 1596 1818 zeigt
1625 1769 1688 1807 die
1720 1769 1816 1806 Ver-

278 1835 491 1886 gleichung
538 1836 606 1871 mit
653 1835 677 1885 §
716 1838 787 1883 77,
836 1848 893 1872 wo
938 1848 978 1873 68
1025 1836 1147 1873 heisst
1191 1836 1317 1887 ,vobis
1365 1836 1574 1886 agentibus
1621 1864 1630 1872 .
1663 1868 1670 1874 .
1705 1865 1713 1873 .
1759 1835 1815 1872 ab

278 1902 596 1940 adversariis
627 1901 719 1939 Sex,
751 1902 916 1939 Roscius
947 1903 1188 1953 postulavit‘.
1257 1903 1430 1954 Speziell
1475 1903 1524 1939 ist
1564 1903 1611 1941 Τ.
1651 1903 1816 1939 Roscius

279 1969 447 2019 Magnus
477 1968 562 2005 hier
591 1969 765 2017 gemeint
796 1970 868 2020 ,‚1)
900 1968 987 2005 weil
1019 1969 1147 2006 dieser
1179 1969 1248 2006 der
1268 1969 1512 2006 Prokurator
1544 1968 1612 2006 des
1645 1968 1817 2018 Chryso-

279 2048 405 2085 gonus
425 2048 517 2086 war,
548 2036 586 2071 in
618 2034 759 2072 dessen
778 2035 908 2072 Besitz
942 2035 1004 2073 die
1025 2035 1200 2073 Sklaven
1225 2036 1461 2085 gekommen
1481 2048 1635 2084 waren3
1667 2036 1709 2084 2)
1730 2034 1816 2072 weil

280 2102 347 2139 der
377 2100 555 2152 Redner,
601 2101 794 2139 nachclem
833 2115 873 2139 61·
918 2101 1005 2140 (16111
1037 2101 1177 2153 Capito
1222 2103 1285 2140 die
1314 2101 1613 2152 Treulosigkeit
1650 2102 1690 2137 in
1729 2100 1817 2138 dem

281 2168 566 2206 mandatum
597 2168 677 2205 und
710 2168 779 2205 der
810 2170 1030 2206 societas
1062 2168 1333 2219 vorgeworfen
1363 2168 1450 2216 hat,
1489 2168 1590 2205 auch
1619 2181 1696 2205 von
1729 2167 1816 2204 dem

279 2235 448 2284 Magnus
479 2242 597 2272 etwas
628 2234 867 2273 besonderes
905 2249 1028 2285 sagen
1059 2235 1210 2284 wollte,
1254 2249 1319 2273 um
1350 2236 1486 2273 seinen
1517 2234 1738 2272 Charakter
1770 2247 1817 2270 zu

279 2300 589 2351 verdachtigcn“
639 2301 772 2339 Halm.
801 2324 855 2328 —
901 2302 958 2355 qui
997 2299 1238 2354 postulabant]
1295 2303 1371 2339 Die
1409 2302 1449 2338 in
1490 2302 1512 2351 ἐ
1551 2303 1601 2340 77
1642 2313 1815 2350 genaun-

280 2375 345 2405 ten
383 2367 427 2406 P.
470 2367 601 2418 Scipio
648 2367 729 2404 und
777 2368 831 2406 M.
872 2369 1066 2406 Metellus.
1121 2392 1167 2396 —
1230 2370 1409 2405 Donatus
1458 2382 1506 2404 zu
1555 2368 1647 2404 Ter.
1688 2366 1814 2405 Andr.

281 2436 318 2485 2,
350 2435 385 2482 5,
416 2436 463 2471 11
496 2434 811 2471 unterscheidet:
841 2436 1068 2485 ,petimus
1100 2435 1249 2486 aliquid
1274 2435 1453 2485 precario
1486 2432 1816 2484 (verlangen),

280 2502 532 2551 poscimus
573 2501 782 2551 imperiose
830 2501 1096 2553 (ἔοι-(16111),
1151 2501 1468 2551 postulamus
1524 2501 1608 2536 iure
1653 2498 1816 2549 (bean-

281 2566 576 2619 spruchen)‘.
610 2590 659 2594 —
710 2579 768 2607 res
798 2566 892 2620 ipsa]
939 2581 990 2606 sc.
1024 2581 1126 2618 quae
1156 2567 1431 2618 postulabatur
1469 2566 1548 2616 ,die
1580 2564 1817 2613 Forderung

281 2648 331 2671 an
360 2634 441 2671 und
473 2636 534 2671 fiir
564 2633 672 2672 sich‘.
705 2656 749 2660 —
782 2632 939 2687 talesque
967 2631 1151 2688 liniantur]
1184 2635 1246 2671 An
1278 2633 1427 2671 andern
1459 2632 1609 2670 Stellen
1640 2631 1703 2668 bei
1733 2629 1814 2669 Cic.

283 2702 419 2739 stehen
446 2707 540 2738 statt
558 2700 626 2738 des
645 2701 889 2739 Pronomens
912 2701 1012 2739 auch
1035 2701 1098 2739 die
1122 2701 1353 2738 Adverbien
1383 2701 1454 2737 ita
1483 2699 1563 2736 und
1594 2700 1684 2747 sic,
1715 2712 1747 2736 z.
1770 2697 1816 2734 Β.

282 2782 319 2818 p.
345 2767 464 2807 Arch.
491 2768 515 2818 ξ
540 2768 589 2805 31
623 2769 690 2819 qui
720 2769 845 2806 sancti
875 2775 964 2805 sunt
994 2768 1118 2805 habiti
1150 2768 1320 2819 itaque
1351 2766 1444 2803 dicti
1477 2768 1532 2816 (u.
1555 2765 1641 2802 daz.
1661 2763 1816 2815 Halm),

284 2834 351 2873 Or.
374 2835 433 2871 111
467 2835 491 2884 ξ
511 2836 563 2872 84
594 2836 666 2872 ita
695 2849 757 2873 me
786 2836 1002 2873 existimari
1034 2837 1135 2888 scio3
1166 2849 1196 2874 8.
1217 2850 1248 2875 z.
1281 2836 1306 2886 ξ
1326 2837 1378 2873 84
1409 2836 1480 2873 810
1506 2835 1586 2871 vita
1616 2832 1816 2869 hominum
