1820 3068
237 121 292 166 42
685 127 754 161 Pro
782 127 865 162 Sex.
891 127 1030 163 Roscio
1057 139 1087 163 c.
1118 129 1160 164 18
1187 131 1206 169 ξ
1233 129 1288 164 50.

237 236 431 278 Roscium
472 251 552 290 quo
590 238 727 280 studio
768 244 807 280 et
846 252 928 291 qua
965 238 1252 292 intellegentia
1283 250 1375 280 esse
1405 239 1446 280 in
1477 240 1642 282 rusticis
1672 253 1733 283 re-

238 303 347 346 bus?
405 303 459 345 Ut
498 318 549 346 ex
589 305 652 346 his
696 305 941 359 propinquis
981 304 1091 357 eius,
1138 305 1374 346 hominibus
1418 306 1736 357 honestissimis,

237 369 382 422 audio,
429 383 509 411 non
541 375 582 411 tu
613 371 654 411 in
685 371 765 411 isto
797 371 972 412 artificio
1013 372 1275 413 accusatorio
1314 372 1505 414 callidior
1536 386 1580 414 es
1611 386 1734 426 quam

236 435 304 476 hic
334 436 374 476 in
405 448 492 477 suo.
542 436 704 489 Verum,
737 441 779 478 ut
810 437 970 490 opinor,
1003 438 1202 490 quoniam
1231 438 1288 479 ita
1312 439 1589 492 Chrysogono
1621 439 1733 480 vide-

236 506 320 555 tur,
358 502 425 555 qui
457 502 552 543 huic
583 504 739 544 nullum
770 504 987 556 praedium
1019 504 1204 557 reliquit,
1246 510 1286 546 et
1316 505 1534 546 artificium
1565 505 1735 546 oblivis-

237 573 352 609 catur
382 573 422 610 et
452 568 630 609 studium
663 569 848 623 deponat
879 570 1033 612 licebit.
1108 571 1229 620 Quod
1270 571 1434 613 tametsi
1466 571 1662 613 miserum
1696 577 1736 613 et
1795 617 1800 622 ,

236 634 451 687 indignum
484 640 565 687 est,
607 636 712 677 feret
741 640 879 677 tamen
912 650 1046 690 aequo
1077 636 1238 689 animo,
1273 637 1453 690 iudices,
1491 638 1525 679 si
1556 651 1630 692 per
1660 651 1735 680 vos

234 701 361 742 vitam
394 706 433 742 et
464 701 618 742 famam
649 706 786 755 potest
807 703 1015 757 obtinere3
1047 704 1126 745 hoc
1155 717 1254 745 vero
1287 709 1362 755 est,
1393 704 1502 758 quod
1525 705 1623 746 ferri
1652 718 1734 746 non

234 771 390 820 potest,
438 767 472 808 si
512 772 551 808 et
588 768 628 808 in
669 769 775 810 hanc
806 770 1086 811 calamitatem
1127 770 1239 811 venit
1269 776 1438 825 propter
1468 771 1735 825 praediorum

235 833 461 875 bonitatem
493 839 533 875 et
562 835 879 887 multitudinem,
912 841 963 889 et,
994 836 1105 889 quod
1136 849 1187 877 ea
1211 836 1395 878 studiose
1421 838 1559 889 coluit,
1590 838 1633 879 id
1658 838 1736 879 erit

235 899 271 941 ei
303 900 482 942 maxime
514 900 671 953 fraudi,
715 907 759 943 ut
798 915 944 956 parum
984 903 1177 944 miseriae
1209 903 1282 955 sit,
1327 903 1438 957 quod
1468 905 1563 946 aliis
1595 905 1733 958 coluit,

234 979 317 1007 non
348 967 440 1018 sibi,
472 967 551 1008 nisi
583 967 721 1020 etiam,
753 969 863 1022 quod
896 970 1062 1011 omnino
1094 969 1232 1022 coluit,
1264 970 1424 1012 crimini
1456 970 1590 1012 fuerit.

342 1032 498 1074 XVIII.
543 1033 607 1075 Ne
642 1040 706 1086 tu,
745 1035 888 1089 Eruci,
929 1041 1148 1078 accusator
1180 1049 1296 1078 esses
1326 1036 1545 1087 ridiculus,
1586 1037 1620 1078 si
1651 1038 1735 1079 illis

233 1100 491 1153 temporibus
532 1104 653 1141 natus
694 1114 830 1156 esses,
879 1116 969 1145 cum
1004 1103 1057 1144 ab
1097 1106 1235 1145 aratro
1276 1104 1618 1155 arcessebantur,
1666 1104 1736 1158 qui

187 1032 221 1056 50

331 1221 475 1255 Testim.
503 1225 569 1256 ret.

328 1282 347 1320 ἓ
375 1282 431 1316 50.
482 1279 659 1316 Charis.
686 1292 721 1325 p.
742 1283 819 1324 189,
838 1283 858 1317 2
890 1282 943 1316 Ne
970 1286 1020 1327 tu,
1047 1282 1166 1325 Eruci,
1195 1287 1389 1318 accusator
1414 1282 1588 1319 ridiculus
1615 1293 1735 1327 esses;

233 1336 280 1372 ib.
307 1348 343 1382 p.
371 1339 451 1381 228,
478 1340 524 1375 20
558 1350 603 1374 ne
628 1345 668 1374 tu
694 1340 802 1375 Eruci
830 1346 1026 1376 accusator
1052 1352 1154 1377 esses
1180 1342 1372 1384 ridiculus,
1412 1343 1443 1377 si
1468 1342 1539 1377 illis
1565 1343 1736 1386 tempori-

234 1395 302 1431 bus
329 1402 438 1432 natus
466 1408 578 1433 esses.
598 1418 639 1422 —
666 1399 864 1436 Diomed.
893 1412 925 1446 p.
944 1402 1022 1443 394,
1044 1402 1089 1437 25
1115 1412 1160 1437 ne
1186 1406 1237 1444 tu,
1265 1401 1384 1444 Eruci,
1411 1404 1608 1436 accusator
1633 1411 1736 1437 esses

234 1455 428 1500 ridiculus3
470 1456 518 1492 ib.
547 1468 581 1501 p.
610 1459 695 1500 404,
724 1460 767 1495 18
802 1470 848 1494 ne
881 1465 921 1494 tu
955 1459 1062 1494 Eruci
1099 1464 1295 1495 accusator
1331 1459 1505 1495 ridiculus
1539 1470 1654 1495 esses.
1691 1481 1734 1487 -

233 1513 416 1550 Dosith.
451 1526 512 1551 ars
545 1527 596 1562 gr.
626 1517 694 1552 VII
727 1529 761 1563 p.
789 1520 877 1562 421,
907 1521 951 1555 17
988 1529 1034 1554 ne
1063 1526 1122 1562 tu,
1148 1520 1276 1563 Eruci,
1303 1524 1500 1555 accusator
1525 1529 1627 1555 esses
1652 1519 1736 1554 ridi-

234 1573 350 1609 culus.

328 1633 445 1668 Schol.
470 1634 533 1670 Gr.
562 1636 655 1680 Kap.
672 1637 795 1671 XVIII
814 1640 844 1678 ξ.
864 1639 908 1673 50
935 1638 997 1671 Ne
1023 1641 1089 1680 tu,
1117 1637 1272 1680 Eruci,
1300 1641 1561 1673 accusator
1587 1637 1733 1682 esses]

238 1692 364 1738 [Circa
379 1693 659 1740 Chrysogonum
679 1695 729 1741 ¹)]
763 1696 875 1740 Apud
897 1696 1070 1741 antiquos
1093 1701 1178 1731 ante
1197 1696 1338 1732 dabant
1358 1697 1431 1732 ruri
1458 1697 1736 1732 adulescen-

233 1752 382 1795 tulos,
409 1754 463 1788 sic
489 1753 641 1789 militiae
660 1755 703 1798 2).
753 1755 827 1790 Dat
854 1760 978 1789 autem
1007 1755 1223 1800 exemplum,
1251 1755 1348 1790 unde
1369 1757 1538 1791 vulneret
1554 1755 1736 1791 Erucium.

233 1811 278 1846 M.
305 1809 443 1847 Atilius
470 1811 647 1848 Serranus
681 1824 826 1858 semper
860 1814 933 1848 ruri
970 1813 1085 1849 dabat
1116 1824 1278 1858 operam.
1328 1815 1396 1849 Hic
1423 1815 1507 1849 dum
1533 1819 1655 1849 terrae
1680 1824 1737 1850 se-

233 1869 330 1904 mina
356 1870 564 1915 mandaret,
592 1872 694 1906 missi
720 1877 804 1907 sunt
829 1873 876 1907 ad
902 1884 983 1908 eum
1009 1873 1142 1918 legati;
1178 1872 1299 1908 factus
1327 1878 1384 1908 est
1409 1873 1548 1908 consul.
1600 1873 1736 1908 Arato-

232 1929 323 1963 rium
350 1930 537 1974 pulverem
565 1931 689 1975 palma
715 1931 870 1966 detersit
887 1933 937 1976 3).
989 1933 1086 1977 Ergo
1114 1931 1185 1966 hoc
1212 1932 1302 1967 dicit
1327 1932 1489 1967 Tullius:
1516 1931 1589 1973 Tu,
1617 1931 1737 1974 Eruci,

233 1988 294 2031 qui
321 1989 510 2033 vituperas
537 1990 648 2024 vitam
671 1991 912 2033 rusticanam,
939 1991 1049 2026 valde
1076 1991 1210 2026 stultus
1235 2001 1339 2026 esses
1365 1991 1428 2026 illo
1453 1995 1634 2035 tempore,
1664 2001 1737 2036 quo

232 2045 412 2082 Serranus
448 2049 576 2084 consul
611 2049 747 2093 factus,
787 2050 818 2085 si
845 2050 992 2095 quidem
1017 2053 1122 2085 tanta
1149 2050 1363 2085 innocentia
1390 2059 1561 2095 agrorum
1588 2053 1663 2093 est,
1698 2052 1738 2084 ut

233 2106 373 2141 civitati
401 2107 504 2151 leges
530 2107 702 2143 referant.

328 2168 346 2207 ἓ
375 2167 419 2201 50
462 2166 638 2210 Cupide
666 2167 974 2213 appetebant]
1015 2167 1083 2203 Hic
1110 2167 1248 2203 Sullam
1276 2167 1406 2213 tangit,
1434 2166 1503 2203 sub
1534 2177 1606 2212 quo
1632 2166 1736 2201 multi

233 2233 345 2269 agros
372 2235 460 2260 suos
486 2225 736 2269 perdiderunt.

330 2325 361 2363 1)
390 2324 452 2355 Die
479 2325 798 2363 eingeklammerten
822 2325 939 2355 XVorte
967 2326 1083 2355 stehen
1109 2325 1180 2355 hier
1205 2334 1261 2354 am
1289 2323 1502 2363 unrichtigen
1527 2324 1642 2354 Platze
1667 2325 1736 2354 und

233 2381 352 2411 passcn
379 2382 434 2402 am
459 2372 573 2403 besten
599 2373 633 2403 in
661 2374 720 2403 das
746 2373 887 2403 Lemma
912 2383 952 2402 zu
979 2374 996 2412 ξ
1025 2375 1078 2404 fio.
1107 2382 1131 2402 s.
1159 2373 1234 2402 dort
1261 2372 1291 2402 d.
1321 2371 1361 2401 N.
1391 2389 1431 2393 —
1487 2372 1520 2411 2)
1549 2371 1606 2401 An
1631 2371 1738 2402 dieser

233 2419 336 2450 stelle
363 2419 484 2450 bildete
519 2421 570 2450 fiir
606 2419 689 2450 viele
723 2420 785 2450 sic
820 2421 883 2450 deu
910 2420 1002 2451 Stein
1027 2421 1084 2450 des
1112 2420 1299 2450 Anstosses.
1351 2419 1469 2449 Allcin
1494 2418 1554 2449 sie
1579 2418 1621 2449 ist
1646 2418 1738 2449 nicht

232 2476 273 2495 zu
298 2468 440 2497 andern:
476 2477 509 2497 es
534 2469 645 2498 wurde
671 2467 717 2498 im
745 2467 932 2507 Spiitlatein
957 2479 1001 2495 z
1027 2472 1110 2505 tum,
1138 2466 1254 2497 deinde
1281 2465 1474 2504 gebrant-ht,
1502 2466 1568 2496 bes.
1595 2475 1677 2504 geru
1702 2465 1737 2496 in

233 2515 290 2543 ‹ler
314 2515 534 2553 Aufz'zihlung
559 2516 646 2545 nach
671 2514 826 2554 primum,
853 2516 927 2545 dem
953 2514 1024 2544 hier
1049 2520 1154 2544 ante
1181 2513 1363 2553 entspricht
1387 2514 1448 2544 wic
1465 2513 1555 2544 Serv.
1576 2513 1735 2551 adVerg.

233 2562 318 2591 Aen.
350 2565 378 2599 1,
408 2564 472 2592 257
501 2563 564 2592 Th.
597 2562 761 2602 ,quotiens
786 2562 820 2592 in
846 2562 954 2593 causis
979 2561 1168 2599 arguimur,
1197 2566 1301 2591 ante
1327 2571 1388 2591 nos
1413 2569 1555 2600 purgare
1581 2561 1738 2591 debemus

233 2613 263 2638 ct
292 2608 348 2639 sic
374 2610 417 2639 ad
442 2609 609 2640 actionem
635 2611 848 2640 descendere:
875 2610 966 2650 quod
991 2614 1022 2639 et
1045 2609 1108 2638 hoc
1128 2609 1202 2638 loco
1217 2607 1372 2647 Juppiter
1398 2608 1492 2645 facim
1519 2612 1622 2638 ante
1650 2607 1737 2637 enim

233 2655 362 2686 obiecta
396 2662 518 2696 purgat
552 2662 584 2687 et
617 2657 674 2687 sic
705 2657 796 2687 venit
830 2659 873 2687 ad
906 2655 1189 2697 promissionem·;
1228 2655 1294 2693 vgl.
1329 2655 1438 2685 meine
1464 2655 1677 2693 Bemerkung
1703 2654 1738 2685 in

232 2703 393 2734 Fleckeis.
420 2704 539 2734 Jahrb.
572 2707 658 2735 1881
687 2714 717 2743 p.
747 2707 832 2742 4163
865 2704 1224 2735 adulescentulos
1250 2702 1378 2733 schrieb
1405 2702 1458 2732 ich
1486 2703 1536 2732 fiir
1561 2702 1620 2732 das
1646 2702 1737 2732 sinn-

232 2750 302 2782 lose
327 2750 470 2790 aliquos,
502 2753 561 2781 das
586 2752 675 2781 wohl
703 2752 809 2782 durch
834 2753 894 2782 das
921 2751 1194 2788 vorhergehende
1220 2749 1377 2789 antiquos
1404 2749 1588 2780 verdorben
1613 2750 1736 2787 wurde,
1794 2748 1803 2756 ‘

233 2797 271 2828 E.
298 2808 328 2837 p.
361 2800 402 2828 20
429 2798 520 2828 liest:
555 2799 680 2829 dabant
707 2799 775 2829 ruri
801 2799 1047 2829 adulescentes:
1081 2802 1194 2828 secuta
1220 2796 1350 2827 militia.
1376 2814 1419 2819 —
1472 2796 1507 2837 3)
1534 2797 1636 2835 Vulg.
1665 2797 1737 2837 pal-

234 2850 325 2876 mata
351 2844 459 2883 tersit,
487 2845 540 2877 die
565 2847 844 2884 ausgenommene
867 2846 986 2878 Lesart
1012 2846 1106 2876 riihrt
1130 2854 1198 2875 von
1222 2845 1260 2875 B.
1287 2846 1356 2875 her.
