1820 3068
508 140 578 178 Pro
606 141 687 177 Sex.
715 140 853 177 Roscio
882 152 912 177 c.
939 143 985 179 22
1011 146 1030 183 ξ
1061 142 1212 178 59-60,
1554 140 1608 185 47

112 255 192 297 hoc
232 253 465 309 tempore‘?‘
522 253 640 294 Haec
670 257 710 294 te
750 253 892 306 opinio
931 253 1042 294 falsa
1077 253 1120 294 in
1160 254 1282 294 istam
1313 253 1504 294 fraudem
1535 253 1608 294 im-

111 321 236 376 pulit,
267 334 349 362 non
380 319 639 361 mehercules
670 319 841 360 verbum
872 318 1066 369 fecisses,
1096 319 1131 360 si
1162 319 1236 360 tibi
1267 332 1515 372 quemquam
1547 332 1608 361 re-

111 400 358 442 sponsurum
390 390 595 440 putasses.

222 454 387 507 Operae
417 452 594 506 pretium
626 455 734 501 erat,
773 451 807 492 si
839 450 1215 503 animadvertistis,
1252 451 1430 503 iudices,
1469 452 1658 505 negle-59

112 520 297 574 gentiam
329 519 417 560 eius
448 517 489 558 in
521 518 760 559 accusando
791 518 1070 559 considerare.
1122 517 1270 569 Credo,
1301 532 1392 559 cum
1424 518 1611 569 vidisset,

113 586 181 639 qui
212 585 401 626 homines
431 585 472 625 in
504 585 619 626 hisee
649 584 860 625 subselliis
892 583 1108 635 sederent,
1141 585 1378 637 quaesisse,
1415 598 1511 625 num
1541 585 1611 626 ille

113 657 184 693 aut
212 652 283 693 ille
315 651 562 692 defensurus
593 655 723 697 esset:
757 650 807 692 de
845 664 909 692 me
935 664 985 692 ne
1017 651 1273 704 suspicatum
1306 651 1472 704 quidem
1504 664 1610 704 esse,

114 718 223 772 quod
263 723 387 758 antea
426 730 597 759 causam
637 717 846 771 publicam
886 718 1043 758 nullam
1082 717 1270 758 dixerim.
1330 718 1611 771 Posteaquam

112 785 269 826 invenit
300 784 506 826 neminem
539 797 700 835 eorum,
734 785 801 837 qui
832 789 1008 838 possunt
1038 788 1078 825 et
1109 784 1261 833 solent,
1293 784 1351 825 ita
1380 785 1611 838 neglegens

113 865 204 893 esse
237 851 395 905 coepit,
426 856 488 903 ut,
521 864 612 892 cum
645 851 684 891 in
716 855 895 892 mentem
928 851 1088 892 veniret
1117 850 1175 902 ei,
1204 850 1426 900 resideret,
1461 850 1611 892 deinde

113 918 386 972 spatiaretur,
430 930 725 970 nonnunquam
764 918 889 959 etiam
922 931 1093 971 puerum
1124 922 1314 968 vocaret,
1359 917 1506 970 credo,
1547 917 1611 959 cui

113 998 259 1026 cenam
290 985 526 1038 imperaret,
559 997 730 1038 prorsus
761 989 803 1025 ut
834 989 973 1026 vestro
1005 997 1203 1025 consessu
1235 988 1275 1024 et
1300 983 1379 1025 hoc
1406 989 1611 1025 conventu

112 1064 188 1105 pro
214 1063 376 1092 summa
406 1050 628 1091 solitudine
654 1051 904 1092 abuteretur.
963 1050 1102 1092 XXII.
1134 1050 1351 1091 Peroravit
1371 1050 1660 1103 aliquando,60

113 1117 296 1167 adsedit3
346 1117 504 1157 surrexi
539 1129 631 1170 ego.
709 1117 934 1170 Respirare
973 1117 1088 1157 visus
1129 1121 1209 1169 est,
1251 1116 1361 1169 quod
1391 1130 1471 1157 non
1505 1117 1612 1157 alius

113 1184 252 1238 potius
285 1182 452 1224 diceret.
504 1183 633 1238 Coepi
665 1183 817 1224 dicere.
865 1183 1006 1235 Usque
1038 1196 1087 1224 eo
1118 1183 1408 1232 animadverti,
1440 1183 1612 1232 iudices,

114 1264 206 1291 eum
244 1249 374 1290 iocari
420 1255 543 1302 atque
580 1250 687 1290 alias
726 1263 792 1291 res
834 1262 984 1302 agere,
1030 1253 1253 1302 antequam
1291 1249 1611 1302 Chrysogonum

112 1315 343 1367 nominavi,
391 1329 513 1371 quem
552 1315 674 1357 simul
716 1320 839 1369 atque
877 1315 1019 1369 attigi,
1065 1317 1203 1357 statim
1236 1315 1360 1357 homo
1391 1329 1436 1357 se
1468 1316 1612 1367 erexit,

113 1382 255 1424 mirari
286 1381 399 1423 visus
430 1387 503 1425 est.
563 1383 776 1432 Intellexi,
809 1382 908 1434 quid
939 1395 1030 1423 eum
1062 1382 1322 1436 pupugisset.
1379 1382 1532 1423 Iterum
1563 1395 1613 1423 ac

112 1450 233 1490 tertio
265 1449 489 1491 nominavi.
547 1449 702 1491 Postea
739 1449 929 1490 homines
967 1461 1135 1490 cursare
1174 1448 1281 1489 ultro
1319 1452 1360 1489 et
1398 1448 1499 1489 citro
1530 1461 1612 1489 non

113 1515 380 1567 destiterunt,
421 1516 567 1568 credo,
609 1517 678 1569 qui
710 1516 987 1569 Chrysogono
1030 1515 1267 1556 nuntiarent
1309 1528 1401 1556 esse
1433 1515 1613 1567 aliquem

113 1583 154 1623 in
185 1582 373 1634 civitate,
406 1582 473 1634 qui
507 1587 651 1624 contra
682 1583 936 1624 voluntatem
969 1582 1057 1623 eius
1089 1582 1226 1623 dicere
1259 1581 1450 1633 auderet,
1491 1581 1613 1622 aliter

114 1662 283 1690 causam
315 1648 403 1702 agi,
448 1653 572 1702 atque
603 1649 673 1690 ille
705 1649 980 1701 existimaret,
1021 1648 1175 1703 aperiri
1207 1649 1409 1690 bonorum
1439 1647 1611 1702 emptio-

210 1776 354 1810 Testz'm.
382 1779 449 1810 vet.

209 1838 228 1876 ξ
256 1836 301 1871 60
350 1835 502 1869 Diome
517 1834 550 1869 d.
585 1845 620 1878 p.
647 1836 734 1879 368,
763 1837 780 1870 1
824 1834 952 1870 Cicero
987 1833 1179 1877 ‚intellexi‚
1215 1832 1302 1878 quid
1331 1844 1412 1868 eum
1436 1834 1613 1879 pupugis-

113 1896 195 1929 sev.
231 1913 273 1919 —-
309 1894 535 1928 Priscian.
570 1895 621 1928 ΙΙΙ
656 1905 692 1938 p.
721 1896 782 1937 72,
809 1896 871 1931 22:
918 1897 1062 1937 ,postea
1087 1892 1254 1928 homines
1283 1902 1430 1928 cursare
1457 1893 1552 1928 ultro
1579 1897 1615 1928 et

114 1953 205 1988 citro
232 1963 305 1987 non
333 1953 579 1988 destiterunt‘

208 2011 289 2046 Auf
311 2022 391 2056 cap.
418 2011 524 2045 XXII
551 2010 694 2046 beziebt
720 2010 799 2046 sich
827 2011 973 2052 Quintil.
1001 2013 1032 2052 4,
1060 2012 1093 2053 2,
1120 2011 1162 2045 19
1190 2010 1294 2044 Ficta
1320 2010 1461 2045 interim
1489 2020 1613 2045 narra·

113 2073 165 2105 tio
191 2070 373 2105 introduci
409 2071 504 2105 solet
530 2070 588 2105 vel
615 2070 662 2104 ad
689 2070 931 2105 concitandos
958 2070 1118 2110 iudices,
1158 2073 1206 2119 ”fs
1222 2080 1288 2114 pro
1317 2069 1488 2104 Roscio
1515 2069 1615 2104 circa

115 2129 394 2175 Chrysogonum
422 2132 491 2164 etc.

209 2191 332 2227 Schol.
363 2191 426 2226 Gr.

209 2251 303 2294 Kap.
329 2250 417 2285 XXI
459 2253 478 2291 ξ
507 2251 551 2286 59
592 2248 851 2294 Publicam]
896 2249 995 2283 Bene
1024 2247 1116 2283 dixit
1140 2247 1393 2292 publicam.
1445 2248 1614 2284 Ceterum

114 2308 279 2353 privatas
307 2308 458 2352 dixerat,
486 2315 524 2343 ut
550 2309 783 2350 Quintianam
809 2312 847 2342 et
873 2311 1030 2342 ceteras.

208 2366 266 2402 Ut
290 2372 454 2402 vestro
488 2378 710 2403 consessu
739 2378 821 2412 pro
849 2365 1040 2411 summa]
1083 2365 1163 2400 Hoc
1191 2365 1249 2400 vel
1276 2365 1324 2400 ad
1349 2366 1535 2401 notionem
1561 2366 1614 2400 iu-

115 2425 235 2460 dicum
263 2426 373 2470 dixit,
407 2436 500 2471 quos
529 2427 618 2461 dicit
642 2426 695 2460 ita
723 2426 949 2469 contemptui
976 2425 1106 2460 ductos
1125 2427 1155 2466 1)
1184 2425 1231 2459 ab
1258 2425 1410 2468 Erucio,
1439 2428 1479 2460 ut
1504 2426 1613 2460 etiam

114 2484 184 2520 hoc
210 2486 372 2529 potuerit
398 2486 584 2530 cogitare;
610 2485 670 2519 vel
697 2490 797 2520 certe
823 2484 871 2519 ad
896 2484 1099 2519 irrisionem
1127 2483 1228 2519 dixit.

211 2544 300 2588 Cap.
327 2544 433 2578 XXII
485 2548 503 2586 ξ
539 2546 583 2581 60
632 2544 776 2579 Simul
809 2549 952 2589 atque
988 2543 1149 2588 attigi]
1206 2543 1307 2577 Bene
1339 2542 1431 2576 dixit
1470 2542 1613 2586 attigi

116 2602 248 2637 circa
274 2602 624 2648 Chrysogonum
643 2604 679 2649 ²)
709 2608 900 2647 potentem
927 2606 963 2638 et
990 2602 1052 2646 qui
1078 2612 1117 2637 se
1143 2601 1257 2636 nollet
1282 2601 1473 2636 nominari.

213 2709 248 2751 1>
275 2709 314 2741 G.
343 2709 400 2741 Gr.
426 2709 549 2740 habere
575 2709 708 2749 Erucio,
736 2709 792 2741 Or.
819 2711 858 2741 B.
884 2708 1001 2741 haberi
1026 2707 1165 2746 Erucio3
1190 2710 1231 2738 E.
1262 2718 1292 2748 p.
1317 2710 1358 2738 20
1386 2706 1479 2745 ,mihi
1504 2716 1614 2737 emen-

117 2756 265 2788 dandum
298 2757 428 2788 videtur
462 2758 612 2788 ductos
645 2758 695 2788 ab
729 2757 902 2788 Erucio:
945 2756 1095 2797 syllabae
1131 2755 1219 2786 enim
1245 2764 1312 2785 ere
1345 2760 1443 2785 natae
1469 2759 1546 2784 sunt
1571 2763 1615 2784 ex

116 2804 231 2845 primis
255 2815 287 2835 u.
314 2805 436 2836 Erucio
462 2804 602 2836 litteris‘.
638 2823 680 2827 -
735 2806 767 2845 2)
795 2805 858 2835 Die
883 2804 1000 2835 WVorte
1032 2803 1145 2833 circa
1172 2803 1503 2842 Chrysogonum
1528 2801 1614 2832 habe

116 2851 170 2883 ich
194 2862 261 2883 von
285 2851 374 2883 ihrer
396 2853 630 2893 unpassenden
657 2852 760 2884 Stelle
784 2852 830 2883 im
855 2852 997 2882 Lemma
1022 2860 1063 2881 zu
1087 2851 1106 2890 ξ
1133 2852 1175 2881 50
1201 2850 1317 2880 hieher
1342 2853 1490 2881 versetzt.
