1820 3068
195 98 250 140 ΤΟ
576 96 648 130 Pro
675 95 758 131 Sex.
785 95 922 130 Roscio
951 106 980 129 e.
1007 95 1047 130 «11
1079 98 1098 136 ἓ
1127 95 1323 130 117-120.

1042 150 1052 167 ι

197 209 243 249 In
274 208 477 249 eiusmodi
510 207 612 260 vita,
659 207 839 258 iudices,
888 206 928 246 in
967 206 1031 247 his
1068 209 1129 247 tot
1167 205 1377 258 tantisque
1409 204 1581 258 flagitiis
1613 204 1692 247 hoc

131 283 358 328 118quoque
389 274 659 324 maleficium,
700 274 750 314 de
782 286 863 325 quo
895 272 1092 313 iudicium
1123 277 1206 324 est,
1238 271 1468 325 reperietis.
1527 271 1691 313 Etenim

197 355 395 395 quaerere
427 341 484 382 ita
515 341 697 381 debetis:
732 339 800 380 ubi
832 339 960 380 multa
991 351 1131 391 avare,
1163 339 1291 380 multa
1323 338 1533 389 audacter,
1563 339 1694 379 multa

196 408 405 461 improbe,
446 408 576 448 multa
606 406 828 459 perfidiose
866 405 979 446 faeta
1011 404 1228 455 videbitis,
1274 404 1328 445 ibi
1361 405 1498 445 seclus
1529 417 1692 457 quoque

196 474 326 514 latere
372 474 477 514 inter
513 474 586 513 illa
623 477 682 513 tot
721 472 883 526 flagitia
925 475 1125 525 putatote.
1183 471 1369 512 Tametsi
1409 471 1487 512 hoc
1526 471 1692 524 quidem

196 540 364 580 minime
395 541 516 590 latet,
557 539 666 592 quod
698 540 755 579 ita
786 543 1020 593 promptum
1052 542 1091 578 et
1120 537 1379 591 propositum
1411 542 1494 591 est,
1540 542 1583 579 ut
1611 551 1693 580 non

198 619 248 647 ex
279 606 359 647 illis
391 605 620 653 maleficiis,
653 618 758 658 quae
789 605 830 646 in
861 605 932 646 illo
964 609 1127 646 constat
1157 617 1271 654 esse,
1306 604 1382 645 hoe
1413 604 1693 658 intellegatur,

197 686 338 714 verum
371 687 421 714 ex
453 672 530 712 hoc
561 672 700 724 etiam,
733 671 766 712 si
798 685 878 724 quo
911 671 961 712 de
985 671 1148 712 illorum
1173 671 1277 712 forte
1301 670 1568 719 dubitabitur,
1599 684 1694 713 con-

196 740 395 780 vineatur.
437 738 546 788 Quid
576 738 757 789 tandem,
790 751 961 790 quaeso,
994 737 1185 779 iudices?
1216 751 1311 778 num
1337 742 1407 778 aut
1438 737 1507 778 ille
1538 737 1695 778 lanista

196 806 362 847 omnino
393 805 474 845 iam
509 818 532 845 a
562 804 706 857 gladio
737 804 962 846 recessisse
995 804 1158 845 videtur
1177 807 1248 844 aut
1266 803 1333 845 hic
1357 803 1586 857 discipulus
1610 817 1695 844 ma-

196 873 327 925 gistro
360 871 561 912 tantulum
594 870 645 912 de
677 875 764 912 arte
797 870 1059 911 concedere?
1117 871 1199 911 Par
1230 875 1293 912 est
1322 870 1514 923 avaritia,
1547 870 1695 911 similis

196 939 457 992 improbitaS,
488 937 634 979 eadem
667 937 938 991 impudentia,
970 937 1140 990 gemina
1170 937 1362 978 audacia.

131 1004 182 1028 ¹¹⁰
305 1005 414 1045 XLI.
475 1004 658 1055 Etenim,
705 1004 900 1057 quoniam
931 1003 1054 1045 fidem
1093 1003 1283 1057 magistri
1314 1002 1552 1056 cognostis,
1599 1015 1695 1056 cog-

196 1072 355 1112 noscite
399 1084 508 1112 nunc
555 1070 751 1124 discipuli
793 1071 1059 1123 aequitatem.
1129 1070 1225 1111 Dixi
1271 1071 1353 1111 iam
1397 1074 1523 1111 antea
1568 1082 1697 1123 saepe

195 1150 366 1178 numero
398 1137 632 1190 postulatos
663 1150 755 1178 esse
795 1138 848 1178 ab
879 1137 969 1178 istis
1001 1137 1104 1178 duos
1136 1149 1280 1178 servos
1323 1136 1363 1177 in
1396 1135 1697 1190 quaestionem.

197 1204 259 1245 Tu
291 1217 474 1258 semper,
517 1205 565 1244 T.
598 1204 743 1253 Rosci,
785 1204 1003 1245 recusasti.
1063 1204 1231 1253 Quaero
1263 1203 1338 1244 abs
1370 1208 1428 1245 te:
1469 1203 1595 1254 ,Iine,
1628 1202 1697 1254 qui

197 1271 481 1325 postulabant,
514 1270 676 1323 indigni
709 1275 840 1323 erant,
875 1271 941 1323 qui
974 1271 1257 1324 impetrarent,
1291 1283 1342 1310 an
1365 1270 1400 1310 is
1420 1274 1460 1311 te
1482 1282 1563 1310 non
1588 1282 1697 1311 com-

196 1338 410 1390 movebat,
444 1351 518 1391 pro
550 1350 630 1389 quo
663 1337 955 1390 postulabant,
999 1350 1052 1377 an
1082 1350 1148 1377 res
1182 1336 1276 1390 ipsa
1305 1336 1380 1377 tibi
1411 1336 1554 1388 iniqua
1584 1335 1696 1376 vide-

198 1404 362 1445 batur'P‘
420 1405 695 1445 Postulabant
742 1403 931 1445 homines
979 1402 1229 1444 nobilissimi
1276 1407 1399 1456 atque
1442 1402 1698 1455 integerrimi

197 1475 366 1512 nostrae
398 1470 601 1523 civitatis,
635 1483 738 1523 quos
770 1471 852 1510 iam
886 1475 1011 1511 antea
1040 1470 1273 1522 nominavi3
1316 1469 1385 1522 qui
1414 1468 1474 1510 ita
1505 1469 1697 1510 vixerunt

195 1537 382 1590 talesque
422 1550 447 1578 a
485 1537 638 1592 populo
670 1537 857 1577 Romano
890 1540 1108 1590 putantur,
1153 1540 1213 1587 ut,
1262 1535 1464 1588 quidquid
1496 1535 1694 1588 dicerent,

196 1617 317 1645 nemo
350 1608 472 1656 esset,
508 1603 576 1656 qui
607 1616 687 1644 non
719 1616 894 1656 aequum
924 1607 1100 1656 putaret.
1145 1603 1422 1644 Postulabant
1451 1606 1589 1643 autem
1619 1615 1696 1657 pro

197 1670 363 1711 homine
408 1670 639 1711 miserrimo
679 1674 801 1723 atque
840 1668 1151 1720 infelicissimo,
1199 1669 1267 1722 qui
1305 1669 1371 1710 vel
1411 1669 1502 1722 ipse
1530 1681 1625 1710 sese
1655 1669 1697 1710 in

133 1738 184 1763 ¹20
199 1736 425 1778 cruciatum
457 1736 546 1776 dari
580 1743 759 1790 cuperet,
793 1736 889 1777 dum
911 1735 961 1776 de
986 1736 1117 1789 patris
1141 1739 1271 1776 morte
1294 1739 1574 1788 quaereretur.
1614 1736 1697 1776 Res

198 1816 322 1857 porro
354 1803 429 1843 abs
459 1807 499 1843 te
532 1802 734 1844 eiusmodi
765 1802 1067 1857 postulabatur,
1102 1806 1144 1843 ut
1167 1801 1269 1842 nihil
1297 1802 1528 1852 interesset,
1563 1806 1697 1843 utrum

200 1882 290 1910 eam
322 1882 406 1910 rem
451 1882 668 1911 recusares
709 1883 761 1910 an
801 1869 852 1911 de
890 1868 1096 1909 maleficio
1141 1868 1396 1910 confiterere.
1457 1868 1575 1919 Quae
1606 1882 1697 1911 cum

298 1983 442 2017 Testrm.
470 1986 537 2017 ret.

294 2041 412 2076 Sclzol.
445 2040 506 2076 Gr.

295 2101 388 2144 Kap.
415 2100 478 2134 XL
508 2102 620 2141 §1172
650 2101 697 2134 In
727 2100 826 2134 eius
854 2098 972 2133 modi
1000 2098 1114 2140 vita,
1144 2099 1338 2144 iudices]
1367 2099 1520 2143 Modo¹)
1541 2098 1703 2134 ostendit

200 2159 312 2193 vitam
338 2159 589 2202 turpissimam
617 2159 830 2202 Capitonis,
858 2158 943 2202 quia
970 2162 1008 2192 et
1034 2158 1133 2200 apud
1161 2168 1267 2201 quem
1293 2159 1492 2201 praemium
1519 2158 1704 2192 invenitur

202 2226 237 2253 et
264 2218 362 2261 apud
390 2228 496 2261 quem
522 2214 682 2261 perfidia
708 2222 743 2252 et
770 2221 891 2251 cetera
908 2215 1103 2258 maleficia,
1131 2217 1248 2259 ipsum
1265 2214 1316 2260 lb)
1344 2217 1510 2261 potuisse
1531 2216 1702 2252 occidere

201 2277 387 2311 Roscium.

298 2338 316 2376 ἓ
345 2335 424 2370 118.
474 2334 680 2378 Lanista]
709 2333 862 2368 Omnino
891 2333 1154 2378 Capitonem2)
1186 2333 1286 2368 dicit.

297 2390 388 2427 Aut
414 2392 485 2427 hic
513 2392 792 2436 discipulus]
823 2392 994 2436 Magnum
1012 2393 1047 2437 3)
1079 2392 1179 2427 dicit.

303 2480 335 2514 1)
364 2478 464 2515 Vulg.
482 2475 667 2515 Capitonis,
694 2477 813 2505 modo
839 2476 918 2515 quia
943 2486 1009 2515 ses:
1037 2486 1081 2506 an
1107 2476 1212 2506 dieser
1230 2476 1332 2507 Stelle
1358 2476 1429 2514 gibt
1456 2477 1557 2506 modo
1582 2476 1701 2507 keinen

206 2525 297 2555 sinn.
343 2525 410 2554 Der
437 2524 547 2555 Scliol.
574 2524 755 2561 gobraucht
782 2523 896 2561 hiiufig
920 2524 1045 2553 inodo
1074 2535 1115 2551 z
1143 2534 1230 2553 nunc
1250 2524 1376 2563 jctzt7
1405 2523 1496 2553 hier
1521 2525 1588 2554 und
1614 2524 1703 2554 stellt

207 2582 239 2601 es
272 2581 371 2609 gerne
397 2572 456 2601 mit
483 2570 580 2608 dicit,
616 2570 759 2600 ostendit
785 2580 993 2607 zusammen,
1032 2571 1098 2608 vgl.
1122 2581 1162 2600 zu
1189 2573 1206 2610 ξ
1235 2574 1276 2601 55
1305 2571 1407 2601 Modo
1435 2571 1505 2601 vult
1533 2572 1704 2601 ostendere

207 2626 336 2655 orator,
371 2618 451 2658 quia
481 2624 558 2654 etc.,
601 2620 617 2657 ξ
647 2622 688 2647 δὸ
716 2619 816 2647 modo
843 2623 1013 2657 comparat
1051 2625 1081 2647 et
1115 2618 1210 2648 dicit.
1245 2618 1325 2657 quia
1351 2624 1409 2648 etc.
1461 2618 1556 2648 Nach
1592 2618 1705 2649 diesen

207 2667 332 2697 Stellen
358 2666 443 2696 habe
470 2665 522 2695 ich
550 2674 582 2694 m
594 2666 672 2694 odo
706 2675 765 2694 vor
789 2665 931 2694 ostendit
964 2665 1105 2703 gestellt.
1136 2683 1175 2687 —-
1228 2665 1265 2695 E.
1293 2676 1323 2704 p.
1355 2668 1393 2695 ‘21
1425 2666 1554 2703 schliigt
1579 2675 1639 2695 vor
1664 2675 1704 2695 zu

207 2715 313 2743 lesen:
342 2713 443 2743 ⁴vita
470 2711 724 2752 turpissima
750 2712 787 2742 (J.
815 2713 938 2741 modo
965 2724 984 2751 q
996 2711 1066 2742 uia
1087 2736 1092 2741 .
1115 2721 1132 2741 .·
1161 2712 1259 2751 ‚quia‘
1287 2717 1398 2742 autem
1425 2712 1504 2742 esti.
1523 2724 1553 2752 q.
1570 2712 1703 2752 quippe.

209 2778 250 2782 ——
282 2761 337 2799 lb)
365 2761 443 2790 iiber
468 2760 557 2799 ipse
586 2771 627 2787 z
655 2759 743 2789 idem
777 2770 800 2788 s.
844 2760 874 2789 (Ι.
908 2759 991 2789 Note
1020 2762 1037 2789 ⁴3
1065 2760 1126 2789 auf
1154 2759 1241 2789 Seite
1272 2762 1322 2790 76.
1354 2762 1405 2790 77.
1442 2777 1483 2780 —
1540 2759 1575 2800 2)
1604 2759 1703 2797 Vulg.

209 2809 414 2846 Magnum.
445 2826 485 2828 —
539 2810 572 2846 3)
602 2807 700 2845 Vulg,
728 2806 989 2846 Capitonem.
