1820 3068
579 120 783 155 Kritischcr
811 119 972 164 Anhang
999 123 1017 161 ξ
1045 120 1194 155 64-73.
1576 120 1653 159 llll?

161 232 299 274 Vitelli
350 231 651 284 (Publicazioni
694 231 760 272 del
805 245 835 272 r.
875 230 1056 283 istituto,
1104 229 1183 271 vol.
1216 229 1265 269 H.
1325 228 1498 270 Fircnzc
1532 228 1657 281 1877)

163 299 298 352 ,quid
328 301 546 352 poterat
590 300 690 338 tam
732 309 852 338 csse
883 295 1235 350 suspiciosum
1267 309 1392 350 quam
1422 298 1659 335 neutrum

162 365 417 407 sensisse<
455 369 530 405 etc.
570 388 622 393 —
681 363 806 405 Erat
837 376 990 417 porro
1020 375 1172 404 nemo
1203 362 1255 402 in
1287 374 1430 414 quem
1465 374 1518 402 ea
1548 374 1658 401 sus-

162 432 302 486 picio
349 430 680 482 conveniret,
732 430 847 472 diese
893 429 1035 471 Worte
1083 429 1153 469 hat
1195 427 1443 469 Fleckeisen
1496 427 1658 480 gctilgt,

161 497 315 540 Eberh.
347 497 705 550 eingeklammert.

274 565 296 617 ξ
328 563 391 606 65.
452 567 636 617 posset
675 562 895 604 schreiben
936 562 1000 602 fur
1031 561 1301 615 potuisset
1330 559 1438 601 nach
1471 558 1659 599 Ernestis

165 630 364 683 Vorgang
383 630 603 682 Fleckeis.,
635 630 761 671 Halm
784 629 837 682 ΙΙ,
871 628 1065 681 Siesbye3
1099 641 1132 669 s.
1164 627 1231 668 die
1254 626 1557 679 Verteidigung
1587 624 1660 666 dcs

166 696 332 738 hdschr.
367 697 627 750 potuisset
657 697 711 737 im
744 697 1028 738 Kommentar.

272 763 388 817 §65
447 776 663 816 usquam
713 763 933 804 schreiben
978 760 1051 802 mit
1094 761 1205 802 alten
1246 759 1474 812 Ausgaben
1513 757 1660 810 Kays„

163 829 314 870 Eberh.

272 897 296 947 ξ
327 894 392 937 67.
451 895 581 937 haec
609 899 722 936 sunt
753 895 842 936 cod.
876 895 925 947 G,
972 893 1101 935 schol.
1134 893 1310 944 Lucan,
1342 892 1478 941 Klotz,
1512 889 1659 932 Fleck-

163 961 298 1014 eisen,
342 961 512 1011 Muner,
560 961 641 1002 alle
672 961 847 1015 ‘ubi-igen
879 959 1177 1013 Herausgeber
1217 958 1436 1000 schreiben
1467 957 1587 1009 hae,
1628 969 1660 996 s.

163 1028 343 1070 dariiber
373 1028 454 1070 den
484 1027 768 1069 Kommentar·
814 1052 861 1056 ——
909 1026 1208 1080 parentium
1238 1025 1362 1065 Halm
1394 1024 1444 1066 H.
1488 1048 1535 1054 -—
1582 1035 1661 1064 re·

162 1100 347 1150 petunt
376 1095 442 1136 fiir
471 1098 722 1148 repetant
751 1094 867 1134 lesen
890 1092 1056 1144 Eberh.,
1087 1093 1211 1133 Halm
1230 1092 1281 1142 II,
1317 1090 1538 1140 Fleckeis„
1570 1088 1662 1130 eine

162 1174 270 1215 ganz
301 1161 498 1214 unno'tige
528 1159 774 1211 Korrektur,
807 1172 839 1200 s.
870 1159 1018 1200 Miiller
1049 1159 1143 1199 adn.
1178 1158 1264 1199 crit.
1296 1172 1335 1212 p.
1365 1157 1455 1198 XV.

271 1227 296 1282 ὃ
330 1227 393 1270 68.
425 1227 466 1268 si
490 1226 874 1281 paeneWeidner
903 1226 1009 1267 Phil.
1041 1226 1107 1277 35,
1138 1225 1230 1268 719.
1266 1249 1313 1254 —
1345 1223 1445 1264 nisi
1477 1224 1538 1265 sit
1565 1227 1662 1263 tur-

162 1294 244 1349 pis
275 1293 653 1335 adulescentia
678 1293 895 1346 Pluygers,
928 1292 1074 1333 Mnem.
1109 1291 1206 1331 VIII
1240 1305 1279 1345 p.
1311 1290 1403 1332 370.
1440 1314 1487 1319 -
1521 1301 1662 1342 prac-

162 1365 316 1415 rupta
347 1360 434 1402 cod.
469 1360 545 1414 Lg.
576 1360 643 1411 26,
675 1359 737 1400 ed.
772 1359 895 1410 Ven.,
928 1359 1080 1412 Kays,
1111 1357 1287 1408 Eberh.,
1318 1357 1442 1397 Halm
1475 1356 1528 1408 II,
1559 1355 1661 1396 Mul-

161 1428 242 1479 ler,
287 1427 483 1480 Siesbye‚
532 1430 783 1480 prorupta
823 1425 894 1466 mit
936 1425 1015 1466 den
1047 1424 1225 1477 ubrigen
1258 1423 1376 1465 codd.
1411 1421 1662 1474 Osenbrgg,

162 1493 285 1535 Halm
317 1493 347 1546 I,
379 1493 585 1535 Fleckeis.
618 1518 669 1523 -—-
698 1497 799 1533 tam
831 1492 1092 1543 acerbum,
1125 1496 1227 1531 tam
1258 1490 1485 1530 immane
1515 1487 1662 1530 Fleck-

162 1573 289 1602 cisen.

271 1628 296 1679 ξ
327 1627 391 1669 70.
449 1626 734 1680 scripserit
781 1624 915 1677 codd,
949 1625 1073 1664 Halm
1113 1623 1151 1676 I,
1189 1623 1389 1675 Siesbye,
1435 1620 1665 1675 scripsit

163 1693 286 1734 Halm
317 1693 357 1733 II
388 1692 471 1733 und
514 1692 580 1733 die
621 1691 797 1745 iibrigen
839 1704 1018 1732 neueren
1051 1691 1368 1743 Herausgeber3
1416 1688 1546 1729 Adler
1577 1689 1602 1729 l.
1635 1688 1661 1728 l.

162 1775 202 1814 p.
219 1760 299 1802 558
323 1759 406 1800 will
437 1759 722 1814 scripserit
752 1759 905 1800 halten.
929 1782 977 1787 —
1010 1770 1069 1811 po
1088 1761 1195 1798 sset
1225 1756 1287 1797 las
1307 1755 1432 1796 Halm
1451 1754 1491 1795 II
1511 1755 1552 1794 in
1584 1753 1663 1795 den

162 1826 356 1868 fr‘uheren
388 1825 495 1868 Aufl,
526 1825 634 1867 nach
666 1825 850 1878 Ernesti,
882 1824 1082 1865 wahrend
1113 1836 1156 1863 er
1186 1823 1227 1863 in
1258 1822 1332 1863 der
1362 1821 1399 1864 9.
1431 1820 1537 1861 Aufl.
1572 1834 1663 1861 zum

164 1893 250 1934 hss.
290 1892 551 1946 potuisset
581 1891 874 1933 zur'uckkehrt.
914 1915 963 1920 -—
1022 1890 1107 1931 Vor
1137 1887 1497 1942 magnitudine
1525 1887 1663 1928 haben

163 1960 237 2000 mit
253 1959 428 1999 Lambin
459 1959 493 1999 ii
525 1958 854 2011 eingeschoben:
897 1957 1039 2008 Orelli,
1073 1956 1276 2005 Biichner,
1303 1954 1539 2007 Osenbrgg.
1580 1953 1663 1994 und

165 2025 330 2077 Eberh„
369 2025 492 2066 Halm
522 2024 563 2065 II
597 2025 638 2064 in
674 2024 753 2065 den
784 2036 964 2065 neueren
1000 2022 1106 2063 Aufl.
1158 2046 1209 2050 —
1261 2021 1334 2061 ita
1381 2020 1431 2061 in
1476 2021 1663 2061 flumen

165 2091 328 2134 deici:
360 2091 431 2132 ita
460 2092 601 2132 lassen
633 2090 776 2131 cod.G
807 2090 889 2131 und
913 2090 1046 2131 Oxon.
1066 2088 1101 2128 T
1132 2101 1219 2140 aus,
1252 2087 1359 2128 nach
1389 2087 1513 2128 ihnen
1531 2086 1663 2139 Kays.

276 2159 393 2212 371.
454 2157 500 2198 in
532 2170 692 2208 mare,
736 2170 851 2198 mare
898 2156 1071 2209 ipsum
1124 2154 1427 2208 polluerent
1482 2153 1662 2204 Richter,

166 2225 429 2266 Fleckeisen.

271 2294 296 2343 ξ
326 2291 390 2333 72.
451 2294 551 2330 tam
588 2294 679 2340 est,
712 2288 849 2338 codd,
880 2288 1005 2328 Halm
1036 2287 1087 2339 II,
1119 2285 1340 2336 Fleckeis,
1373 2285 1524 2337 Siesb.,
1557 2284 1664 2325 Mul-

167 2359 247 2409 ler3
281 2362 360 2399 est
388 2361 486 2397 tam
517 2356 676 2408 Lamo,
709 2356 833 2396 Halm
852 2354 882 2407 I,
915 2354 1062 2407 Kays„
1082 2353 1234 2394 Eberh.
1258 2377 1309 2382 ——
1345 2356 1537 2393 terram
1568 2364 1664 2392 non

168 2427 388 2477 tangant
418 2423 512 2464 liest
543 2423 740 2476 Siesbye,
772 2422 850 2462 wie
882 2421 948 2462 die
980 2421 1126 2462 besten
1158 2420 1267 2469 Hss.,
1299 2432 1392 2460 vom
1425 2418 1516 2460 cod.
1552 2418 1663 2459 Vite-

169 2492 283 2544 berg.
317 2489 570 2543 abgesehen,
602 2489 643 2529 in
675 2488 768 2529 dem
806 2486 919 2528 Citat
949 2487 1015 2527 bei
1043 2500 1099 2528 or.
1131 2488 1156 2538 ξ
1185 2487 1263 2528 107
1291 2485 1442 2527 bieten.
1495 2508 1533 2512 —
1587 2484 1665 2524 ab·

168 2557 380 2598 luantur
413 2555 553 2607 codd,
586 2555 761 2611 Eberh„
793 2553 1015 2605 Fleckeis.,
1048 2552 1207 2603 Siesb.,
1236 2552 1402 2602 Miiller3
1445 2550 1663 2591 adluan-

169 2627 253 2664 tur
282 2622 420 2673 Halm,
453 2621 583 2675 Kays.
614 2622 688 2662 mit
718 2621 808 2663 cod.
829 2620 961 2661 Oxou.
988 2619 1038 2669 (ἐς
1072 2619 1123 2659 cf.
1157 2618 1223 2659 die
1255 2618 1350 2658 adn.
1382 2617 1447 2658 bei
1478 2617 1602 2656 Halm
1633 2616 1664 2655 Ι.

281 2690 306 2740 ξ
336 2688 400 2731 73.
459 2688 636 2741 itaque
678 2699 924 2740 quaeram
973 2689 1073 2726 statt
1115 2685 1189 2725 des
1229 2684 1313 2724 hss.
1357 2683 1431 2723 ita
1469 2694 1664 2734 quaero

171 2755 288 2806 Urs.,
326 2754 530 2795 Fleckeis.
562 2778 615 2783 —-
643 2754 690 2794 in
722 2767 778 2794 eo
809 2754 925 2794 loco
958 2751 1098 2801 codd,
1137 2749 1362 2801 verteidigt
1397 2762 1475 2789 von
1506 2747 1664 2788 Jordan

169 2821 210 2861 in
255 2821 294 2861 d.
327 2820 498 2862 Rezens.
536 2820 608 2860 der
651 2818 1100 2871 Osenbriiggen'schen
1130 2816 1258 2868 Ausg.
1291 2829 1329 2868 p.
1361 2815 1440 2857 662
1472 2813 1555 2854 und
1585 2826 1665 2854 von
