1878 3078
204 114 285 157 426

206 233 313 270 tam,
346 231 531 271 tantus,
565 229 706 272 tanti,
734 239 815 263 nur
841 228 977 280 soviel}

253 291 333 326 339.

204 357 353 387 tamen
380 365 423 383 :-
451 352 579 387 saltem
610 354 687 388 144.

206 414 392 450 tametsi
413 419 498 448 tam
513 415 653 457 en1383
671 414 958 459 restringierend

252 490 296 507 :-
324 486 543 521 quamquam
570 478 650 512 291.

205 543 336 573 tanto
364 537 458 573 ohne
485 538 658 573 Korrelat
681 538 819 583 (quam)
847 539 926 574 133.

204 605 340 635 tanto
371 611 512 645 opere
540 610 675 635 orare
706 600 782 635 148.

204 663 467 698 Tarracina
492 663 572 698 254.

204 726 305 760 tela
332 730 374 760 et
400 724 547 758 minae
568 722 728 757 beliebte
746 722 855 758 Verb.
883 723 957 759 188.

207 791 442 831 temptare
469 785 532 819 mit
559 784 647 829 folg.
675 789 723 819 ut
750 786 827 821 152.

203 855 401 893 teinpus,
447 846 783 891 Umschreibungen
826 848 889 882 mit
934 851 958 882 t.

251 913 336 954 2343
364 910 437 955 vgl.
465 913 573 944 ante
599 909 672 943 und
699 914 813 954 post.

204 979 247 1009 te
258 984 278 1007 n
291 984 309 1007 e
322 973 400 1007 bra
414 982 432 1006 e
459 971 623 1015 tropisch
652 973 732 1008 303.

203 1041 275 1070 ter
301 1035 344 1069 in
371 1044 491 1069 anno
519 1035 599 1070 370.

203 1105 359 1133 terror
387 1102 430 1132 et
458 1096 658 1131 formido
684 1093 959 1131 u.fihn1.Verb.

251 1162 331 1197 138.

203 1227 353 1259 testes
379 1221 670 1263 necessarii,
698 1218 959 1255 voluntarii

252 1287 332 1322 333.

203 1347 478 1391 Terentius,
521 1357 593 1381 von
629 1345 759 1381 Cicero
799 1343 958 1388 nachgo-

251 1409 350 1445 ahmt
385 1410 459 1445 136.

203 1476 343 1510 θέσις
368 1472 405 1506 in
430 1471 496 1506 der
520 1470 625 1505 Rhet.
654 1472 734 1506 251.

203 1534 466 1576 traductio,
506 1532 596 1568 rhet.
631 1533 741 1577 Figur
773 1532 853 1567 137.
881 1532 959 1566 237.

205 1599 480 1643 transigere
537 1600 679 1640 atque
738 1592 960 1629 decidere

247 1661 317 1706 jur.
343 1665 366 1695 t.
393 1664 419 1695 t.
447 1661 525 1695 337.

204 1723 416 1758 transire
442 1736 485 1753 z
516 1721 767 1766 perstringere
794 1720 874 1755 304.

203 1785 400 1821 tribulis
439 1785 486 1818 im
522 1783 631 1819 Sinne
671 1793 744 1818 von
786 1781 980 1830 contri-3

252 1847 374 1882 bulis
400 1848 482 1884 224.
978 1831 980 1839 ⁴

205 1909 441 1944 Tribunat
466 1914 572 1944 unter
598 1908 700 1943 Sulla
725 1909 805 1945 381.

206 1977 297 2007 tum
324 1972 371 2006 im
399 1971 610 2006 Nachsatze
636 1971 716 2007 378.

204 2035 449 2077 tumultus,
477 2034 697 2077 Bedeutung
722 2034 782 2078 (z
808 2030 958 2074 bellum)

255 2098 333 2133 159.

205 2158 343 2194 turba
369 2173 412 2190 z
442 2159 619 2194 tumultus
647 2160 726 2194 372.

203 2226 330 2256 tutus
357 2222 412 2256 ad
438 2223 518 2258 341.

551 2375 601 2410 U.

206 2466 285 2501 ubi
312 2481 355 2498 z:
384 2468 484 2512 apud
511 2478 616 2511 quem
643 2468 724 2503 274.
979 2510 980 2515 ¹

206 2530 346 2573 ullus,
376 2529 618 2565 Unterschied
640 2539 712 2563 von
734 2527 866 2572 aliquis
881 2527 959 2562 358.
978 2528 980 2585 ζ

205 2593 332 2627 ultro
355 2596 399 2627 et
419 2592 558 2633 citro,
588 2592 714 2626 ultro
737 2590 861 2625 citro
879 2590 981 2642 25οΝὲ

205 2653 651 2699 Umgangsspraehe
670 2655 747 2689 139.
775 2653 854 2689 238.
881 2652 981 2687 246„

251 2718 331 2752 247.
357 2717 437 2753 291.
979 2717 981 2765 1

206 2777 580 2823 Umschreibung
624 2778 688 2813 der
725 2777 851 2812 Subst.
897 2774 981 2829 abff

253 2845 391 2876 stracta
417 2840 529 2876 durch
552 2841 657 2876 einen
672 2840 851 2875 Relativs.
884 2842 960 2882 151,
980 2839 981 2887 J

254 2902 317 2937 der
343 2903 465 2938 Subst.
493 2903 557 2938 mit
582 2903 749 2946 plenus
776 2885 866 2946 18⁴9,
894 2900 981 2949 desi

661 114 832 150 Sachlich
842 135 854 141 -
864 114 1166 160 grammatischer
1191 116 1313 151 Index.

1042 227 1201 263 Infinitiv
1234 228 1314 264 Fut.
1347 230 1433 272 190;
1481 230 1545 265 mit
1582 230 1748 265 faeere

976 305 977 326 ι
1043 290 1117 324 und
1145 300 1317 334 capere
1345 293 1423 326 314.

976 352 1115 387 'unde
1142 353 1328 387 ordiar?
1358 355 1434 389 191.

976 404 1109 465 funus
1149 413 1209 448 bei
1249 415 1504 458 Stiperlativen
1542 416 1616 450 und
1649 413 1749 450 Aus-

1043 474 1205 509 driicken
1237 477 1301 511 mit
1334 478 1507 521 superlat.
1534 478 1751 521 Bedeutung

1046 538 1124 572 137.

997 598 1116 633 unde
1142 613 1184 629 z
1212 608 1234 632 a
1261 608 1348 642 quo
1375 601 1455 635 274.

996 661 1182 703 unicus,
1211 661 1345 695 unice
1375 662 1456 696 216.

997 733 1128 757 unum
1155 721 1243 757 hoc
1269 722 1376 757 dico
1403 723 1483 759 382.

998 795 1111 820 unus
1138 795 1224 819 non
1253 789 1344 819 statt
1369 785 1526 820 nullus
1551 786 1632 822 278.

976 849 1043 882 {ut
1069 847 1205 891 coepi
1236 847 1397 882 dicere
1424 849 1506 884 304.

997 913 1044 943 ut
1082 910 1446 945 consecutivum
1488 911 1550 944 mit
1587 909 1620 943 d.
1656 909 1751 952 peri-

1043 970 1181 1015 phrast.
1209 972 1438 1017 Konjunktiv
1466 974 1543 1008 151.

997 1037 1044 1067 ut
1071 1044 1123 1068 ne
1148 1035 1230 1070 241.

998 1096 1066 1130 uti
1093 1096 1254 1140 aliquo
1281 1096 1464 1131 multum
1500 1096 1568 1141 (sc.
1596 1095 1750 1130 familia-

1043 1159 1144 1201 riter)
1173 1160 1250 1194 187.

997 1221 1060 1256 uti
1090 1235 1133 1251 z
1161 1220 1377 1256 bekommen
1404 1222 1485 1256 270.

998 1283 1084 1326 uti,
1118 1282 1310 1318 Untersch.
1336 1293 1408 1318 von
1435 1282 1527 1317 frui
1554 1283 1633 1319 366.

1354 1394 1405 1428 v.

998 1479 1148 1503 vacua
1174 1469 1421 1513 possessio
1452 1470 1529 1505 184.

1000 1532 1164 1576 vagari
1193 1533 1271 1568 374.

998 1593 1220 1629 Valerius
1247 1594 1490 1637 Maximus,
1523 1592 1753 1628 Nachahiner

1046 1656 1110 1691 des
1140 1657 1306 1691 Cicero
1330 1658 1409 1693 201.
1436 1658 1516 1692 231.
1543 1657 1622 1693 254.

1001 1719 1212 1753 Variatio
1240 1719 1306 1754 des
1332 1717 1555 1753 Ausdrueks
1582 1719 1660 1754 345.

997 1790 1115 1815 vasa
1162 1781 1409 1816 Corinthia
1460 1785 1505 1816 et
1553 1780 1754 1815 Deliaca

978 1842 980 1850 '
1046 1845 1125 1880 370.

1001 1906 1079 1939 Vei
1105 1907 1184 1942 225.

978 1968 1071 2012 ¹vel
1109 1981 1153 1999 z:
1192 1971 1228 2003 et
1273 1967 1422 2012 spiitlat.
1463 1969 1526 2008 45,
1567 1968 1598 2002 1.
1649 1966 1751 2000 Beim

1044 2030 1319 2075 Superlativ
1383 2028 1534 2073 ,wohl²‚
1621 2028 1754 2073 ‚viel-

1044 2092 1208 2128 leicht‘
1235 2094 1314 2129 139.

978 2156 1124 2191 *velle
1161 2156 1225 2190 mit
1260 2154 1324 2190 Inf.
1368 2153 1460 2199 perf.
1494 2163 1594 2198 pass.
1637 2152 1754 2193 (ohne

1043 2221 1148 2260 esse)
1173 2217 1263 2253 oder
1283 2217 1349 2252 Ins.
1365 2227 1486 2260 praes.
1506 2226 1606 2260 pass.
1622 2214 1751 2250 Unter-

1045 2279 1171 2315 schied
1199 2280 1263 2315 der
1288 2279 1423 2315 beiden
1439 2278 1753 2314 Konstruktionen

1047 2344 1114 2379 133
1141 2342 1166 2378 f.

978 2407 1159 2446 kvenire
1186 2415 1259 2440 von
1286 2404 1351 2439 der
1375 2401 1576 2439 Erbschaft
1601 2403 1682 2438 297.

978 2450 1142 2507 {verbo
1170 2482 1213 2499 z
1240 2467 1304 2502 mit
1337 2466 1472 2501 kurzen
1497 2466 1646 2500 Worten
1672 2465 1754 2501 289.

1045 2531 1126 2565 411.

999 2594 1203 2635 verbum,
1232 2591 1323 2635 Geg.
1352 2600 1426 2625 res
1454 2591 1534 2626 351.

998 2652 1188 2689 verbum
1217 2652 1276 2697 (z
1304 2663 1436 2687 unum
1462 2650 1754 2692 v.)faeere134.

1000 2715 1143 2751 verba
1169 2720 1213 2750 et
1238 2714 1453 2758 ineptiae
1476 2723 1657 2758 :nugae
1673 2713 1753 2749 224.

999 2778 1101 2813 veri
1129 2778 1282 2812 simile
1309 2781 1379 2812 est
1404 2780 1452 2811 ut
1478 2777 1558 2812 349.

998 2840 1180 2875 veritas
1207 2838 1463 2875 Wirklichkeit
1486 2839 1566 2875 226.

1000 2912 1156 2938 verum
1184 2913 1225 2930 =
1252 2902 1321 2937 sed
1347 2903 1425 2938 137.
1453 2901 1533 2937 379.
