1820 3068
215 137 271 180 34
665 137 736 174 Pro
764 138 846 174 Sex.
874 139 1012 174 Roscio
1039 150 1069 174 0.
1096 139 1140 175 13
1167 142 1186 180 ξ
1213 138 1269 174 34.

215 261 349 302 neque
380 248 446 290 1110
476 250 591 291 100113
622 255 685 291 031
710 254 753 291 111
776 251 905 291 multa
929 249 1120 290 dicantur
1149 261 1283 301 neque
1314 248 1435 302 plura
1464 253 1602 290 tamen
1634 248 1715 291 dici

214 320 402 369 possunt,
436 329 560 369 quam
592 317 770 370 populus
792 317 1004 357 Romanus
1037 315 1238 357 memoria
1266 314 1426 366 retinet,
1457 316 1567 357 diem
1589 316 1714 357 Scae-

215 383 338 423 volae
370 382 486 434 dixit,
517 388 794 436 posteaquam
826 382 1027 436 comperit
1057 395 1149 423 eum
1180 395 1305 435 posse
1327 382 1480 423 vivere.
1528 381 1630 422 Cum
1661 382 1714 422 ab

216 461 265 489 00
296 454 584 502 quaereretur,
628 449 729 501 quid
767 448 935 490 tandem
977 452 1248 489 accusaturus
1290 453 1400 489 esset
1430 461 1544 499 eum,
1593 460 1715 500 quem

216 527 290 568 pro
331 514 535 568 dignitate
581 528 632 556 ne
671 515 845 556 laudare
889 514 1055 567 quidem
1095 515 1314 567 quisquam
1354 515 1456 556 satis
1498 513 1715 556 commode

215 585 377 635 posset,
411 581 526 622 aiunt
557 581 786 631 hominem,
825 585 867 621 ut
898 584 987 621 erat
1016 580 1219 631 furiosus,
1250 581 1538 633 respondisse:
1585 580 1716 636 cquod

215 661 296 689 non
327 652 456 688 totum
487 648 613 689 telum
646 660 818 701 corpore
848 645 1111 699 recepisset'.
1172 646 1263 695 Quo
1295 647 1474 700 populus
1503 647 1715 688 Romanus

215 714 318 755 nihil
357 714 461 755 vidit
498 714 711 767 indignius
742 713 821 754 nisi
854 712 1039 753 eiusdem
1070 713 1147 753 viri
1179 717 1374 763 mortem,
1417 726 1524 765 quae
1555 717 1714 754 tantum

214 781 361 834 potuit,
391 785 433 821 111
464 793 607 821 omnes
638 781 751 821 cives
782 779 1009 833 perdiderit
1040 783 1080 820 et
1110 778 1338 820 adflixerit:
1369 792 1472 832 quos
1503 779 1601 832 quia
1630 792 1715 821 ser-

215 860 314 888 vare
346 860 419 900 per
450 846 793 900 compositionem
823 846 1011 897 volebat,
1052 845 1142 899 ipse
1174 845 1226 886 ab
1256 845 1307 886 iis
1337 845 1609 899 interemptus
1640 849 1716 887 031.

167 914 342 955 34Estne
374 913 453 955 hoc
483 913 542 954 illi
574 912 685 953 dicto
726 917 848 966 atque
888 912 1001 953 facto
1035 911 1275 953 Fimbriano
1306 911 1592 953 simillimum?
1636 912 1715 953 Ac-

215 980 370 1022 cusatis
407 979 503 1021 Sex.
540 979 750 1021 Roscium.
811 978 920 1028 Quid
960 978 1051 1019 ita‘?
1099 978 1208 1027 Quia
1247 977 1298 1018 de
1338 978 1530 1019 manibus
1566 978 1716 1019 vestris

215 1046 379 1099 effugit,
414 1046 511 1101 quia
541 1059 585 1087 se
617 1045 750 1087 occidi
782 1058 933 1099 passus
964 1058 1046 1086 non
1078 1049 1153 1085 est.
1227 1044 1355 1095 Illud,
1388 1044 1487 1096 quia
1517 1044 1558 1084 in
1589 1044 1716 1085 Scae-

213 1113 311 1153 vola
341 1112 498 1153 factum
530 1116 614 1163 est,
657 1112 874 1165 indignum
914 1111 1094 1162 videtur,
1133 1111 1235 1162 1100,
1278 1110 1376 1164 quia
1406 1110 1450 1151 fit
1481 1123 1505 1151 a
1536 1110 1716 1164 Chryso-

214 1191 345 1232 gono,
378 1191 473 1219 num
506 1182 569 1220 est
597 1179 734 1232 magis
766 1177 1016 1220 ferendum?
1060 1177 1168 1217 Nam
1199 1190 1274 1231 per
1304 1177 1405 1218 deos
1436 1177 1715 1218 immortales!

214 1245 314 1298 quid
345 1249 407 1286 est
436 1245 477 1285 in
508 1245 589 1286 hac
620 1258 765 1297 causa,
797 1244 907 1297 quod
941 1243 1199 1285 defensionis
1230 1243 1452 1297 indigeat?
1501 1243 1570 1296 qui
1598 1244 1715 1284 locus

213 1310 426 1364 ingenium
472 1312 638 1364 patroni
683 1311 855 1365 requirit
899 1315 969 1351 aut
1012 1311 1189 1351 oratoris
1235 1310 1518 1362 eloquentiam
1560 1322 1715 1363 magno

215 1391 340 1432 opere
371 1377 613 1418 desiderat?
670 1378 819 1419 Totam
855 1390 1044 1429 causam,
1084 1376 1265 1428 iudices,
1304 1377 1560 1430 explicemus
1591 1380 1716 1429 atque

215 1449 311 1484 ante
343 1444 485 1485 oculos
515 1444 747 1497 expositam
779 1444 1110 1495 consideremus;
1157 1443 1216 1483 ita
1249 1442 1470 1496 facillime,
1512 1456 1619 1497 quae
1648 1455 1716 1484 res

214 1515 344 1551 totum
375 1510 572 1551 iudicium
603 1510 825 1562 contineat,
859 1515 898 1552 et
927 1511 1076 1563 quibus
1107 1511 1158 1551 de
1186 1509 1309 1550 rebus
1331 1522 1407 1550 nos
1431 1509 1569 1551 dicere
1593 1522 1713 1563 opor-

214 1581 319 1627 teat,
351 1582 390 1618 et
421 1577 520 1630 quid
552 1590 626 1618 vos
657 1577 773 1630 sequi
807 1577 1048 1628 conveniat,
1079 1576 1345 1629 intellegetis.

167 1652 201 1677 35
323 1644 444 1684 XIII.
489 1644 592 1685 Tres
634 1648 728 1684 sunt
765 1656 852 1696 res,
896 1648 1092 1696 quantum
1133 1655 1212 1696 ego
1250 1642 1490 1683 existimare
1529 1654 1715 1696 possum,

216 1722 323 1762 quae
354 1710 520 1751 obstent
550 1710 629 1752 hoc
658 1715 844 1764 tempore
876 1711 973 1752 Sex.
993 1710 1159 1762 Roscio,
1190 1709 1346 1751 crimen
1377 1707 1716 1750 adversariorum

311 1845 454 1880 Teste‘m.
480 1850 547 1881 vet.

307 1904 439 1939 Dieses
476 1905 653 1939 dictum
692 1909 833 1951 atque
871 1905 1052 1940 factum
1092 1903 1408 1938 Fimbrianum
1446 1901 1584 1938 erzahlt
1621 1900 1716 1937 auch

214 1962 336 1998 valer.
371 1963 465 1998 Max.
498 1964 533 1998 in
569 1964 692 1999 seiner
718 1964 931 2009 Sammlung
971 1964 1177 2008 ‚Factorum
1213 1967 1250 1997 et
1283 1962 1464 1997 dictorum
1497 1960 1715 1996 memorabi-

212 2021 310 2055 lium‘
338 2022 444 2066 9,11,
470 2024 491 2058 2
517 2022 592 2057 und
617 2033 714 2058 zwar
739 2024 776 2058 in
804 2023 969 2059 ziemlich
997 2033 1125 2068 engem
1152 2021 1361 2057 Auschluss
1388 2031 1435 2055 an
1462 2020 1592 2056 Cicero
1622 2020 1717 2065 (vgl.

215 2079 287 2115 den
313 2081 552 2116 Kommentar
578 2093 622 2116 zu
649 2082 772 2117 dieser
798 2083 911 2118 Stelle
938 2082 1014 2117 und
1040 2093 1084 2116 zu
1111 2085 1129 2124 ἓ
1161 2082 1240 2125 64).

309 2141 411 2181 ἓ34.
462 2141 541 2175 Iul
568 2140 808 2176 Rufinian.
843 2153 878 2186 p.
905 2143 969 2184 44,
995 2144 1040 2178 22
1067 2141 1110 2175 H.
1150 2139 1279 2175 Cicero
1306 2149 1374 2182 pro
1399 2138 1559 2173 Roscio·
1599 2136 1716 2171 Estne

213 2197 284 2233 hoc
316 2199 368 2232 illi
402 2199 501 2234 dicto
536 2204 647 2244 atque
679 2199 779 2235 facto
812 2200 1021 2234 Fimbriano
1056 2199 1298 2235 simillimum?
1326 2218 1368 2223 —
1412 2196 1635 2231 Priscian.
1663 2196 1716 2230 III

213 2267 248 2300 p.
278 2257 365 2299 366,
393 2258 437 2293 17
475 2257 583 2301 Nam,
610 2268 678 2301 per
704 2258 795 2294 deos
820 2259 1060 2302 immortales,
1098 2258 1186 2302 quid
1213 2262 1271 2292 est
1295 2258 1332 2291 in
1358 2256 1427 2291 hac
1455 2264 1588 2297 causa,
1615 2253 1716 2298 quod

214 2315 445 2351 defensionis
472 2316 667 2361 indigeat?

308 2374 428 2410 Schol.
463 2375 526 2410 Gr.
567 2376 662 2419 Kap‘.
689 2375 760 2410 XII
789 2379 808 2417 ξ
836 2377 879 2411 34
906 2375 985 2397 *²⁴*
1010 2375 1148 2419 patitur
1172 2384 1194 2408 a
1219 2384 1326 2409 servo
1355 2373 1415 2418 [ex
1441 2383 1498 2417 eo,
1526 2372 1588 2416 qui
1614 2371 1714 2415 facit,

213 2433 251 2467 id
277 2438 352 2475 est,
390 2433 668 2480 Chrysogonus]
687 2436 736 2479 ¹).
786 2435 884 2479 Ergo
912 2435 1021 2470 modo
1048 2438 1136 2468 nata
1163 2436 1218 2468 est
1250 2432 1452 2476 indignitas
1485 2442 1558 2466 non
1586 2442 1631 2466 ex
1657 2441 1715 2475 eo,

215 2493 276 2537 qui
302 2493 450 2536 patitur,
479 2494 565 2537 quia
581 2494 709 2529 Roscii
735 2503 898 2538 persona
924 2498 980 2529 est
1005 2493 1098 2537 vilis,
1126 2492 1194 2527 sed
1222 2502 1266 2527 ex
1293 2501 1350 2534 00,
1379 2491 1441 2536 qui
1467 2490 1568 2535 facit,
1595 2491 1634 2525 id
1659 2494 1717 2526 est

215 2551 490 2596 Chrysogonus.

310 2658 344 2700 1>
371 2659 434 2690 Die
462 2669 529 2690 von
553 2659 617 2690 mir
641 2658 961 2698 eingeklammerten
985 2657 1102 2689 Worte
1126 2657 1296 2688 betrachte
1322 2655 1377 2686 ich
1401 2655 1452 2686 als
1477 2653 1715 2694 Dittographie

214 2706 271 2737 der
303 2707 492 2745 folgenden.
548 2708 617 2738 Der
643 2706 811 2738 Scholiast
840 2707 962 2746 kniipft
993 2705 1142 2736 offenbar
1175 2714 1220 2735 an
1253 2704 1305 2734 (lie
1337 2703 1454 2734 NVorte
1481 2702 1615 2733 Ciceros
1648 2712 1714 2732 an:

215 2753 304 2793 ,quia
329 2764 362 2785 sc
389 2754 494 2785 occidi
518 2764 672 2794 passus
697 2765 765 2784 non
789 2759 846 2784 est.
896 2753 1005 2791 Illud,
1038 2752 1118 2793 quia
1149 2751 1183 2782 111
1209 2751 1372 2783 Scaevola
1406 2752 1530 2781 factum
1557 2755 1623 2787 est,
1657 2748 1713 2780 in-

214 2802 382 2839 dignum
408 2802 553 2833 videtur:
594 2803 675 2841 hoc,
702 2802 781 2842 quia
806 2802 843 2832 fit
867 2811 887 2832 a
913 2801 1206 2841 Chrysogono‘
1235 2798 1255 2829 1.
1285 2809 1311 2830 e.
1338 2808 1359 2829 a
1385 2807 1490 2829 servo.
1541 2797 1580 2827 E.
1606 2806 1639 2837 p.
1670 2798 1713 2828 20

213 2849 348 2889 gixtum,
375 2850 451 2881 dass
476 2849 510 2881 in
537 2852 651 2889 ,servo‘
680 2851 740 2880 das
765 2849 862 2880 XVort
888 2848 1105 2880 Scaevola
1132 2846 1250 2878 stecke.
