1820 3068
125 186 176 210 148

128 717 178 740 149

134 1776 185 1800 150

189 66 243 109 82
528 67 599 102 Pro
626 66 709 102 Sex.
737 67 874 102 Roscio
902 79 932 102 0.
951 68 1089 102 :31-52
1116 70 1135 106 ξ
1165 67 1361 104 148—150.

300 178 368 219 LI.
428 180 504 230 An,
537 178 648 231 quod
679 177 902 230 diligenter
932 178 1180 229 defenditur,
1210 177 1251 218 id
1281 177 1354 218 tibi
1384 177 1601 230 indignum
1628 177 1687 217 fa-

191 245 306 286 cinus
339 245 532 287 videtur‘?
591 244 691 285 Mihi
723 244 865 295 crede,
911 245 944 286 si
987 258 1062 298 pro
1102 243 1233 297 patris
1275 244 1394 285 huius
1426 242 1617 297 hospitiis
1650 247 1690 284 et

191 311 330 364 gratia
359 312 515 352 vellent
544 324 687 352 omnes
719 311 814 351 huic
844 310 1031 363 hospites
1063 311 1213 351 adesse
1251 314 1291 351 et
1328 310 1529 351 auderent
1558 309 1688 350 libere

191 377 439 427 defendere,
470 377 572 417 satis
604 377 773 429 copiose
805 376 1118 427 defende1·etur;
1161 376 1223 417 sin
1257 380 1393 417 autem
1425 389 1500 430 pro
1529 376 1689 429 magni-

191 443 332 484 tudine
365 444 539 484 iniuriae
570 456 729 496 proque
761 455 829 494 eo,
877 443 988 495 quod
1020 456 1181 483 summa
1205 456 1270 484 res
1301 443 1470 496 publica
1500 443 1541 483 in
1569 441 1690 483 huius

192 509 376 563 periculo
408 513 648 562 temptatur,
694 508 799 550 haec
839 522 982 549 omnes
1023 509 1302 560 vindicarent,
1351 509 1577 551 consistere
1609 522 1690 550 me-

192 577 360 618 hercule
389 576 509 618 vobis
549 575 629 615 isto
676 574 715 615 in
746 575 838 616 loeo
870 588 951 615 non
990 575 1144 617 liceret.
1204 576 1324 617 Nunc
1354 576 1412 616 ita
1443 574 1690 626 defenditur,

191 656 272 684 non
306 656 406 684 sanc
437 647 480 684 ut
510 641 684 681 moleste
732 641 839 682 ferre
884 641 1116 682 adversarii
1149 641 1351 691 debeant,
1396 654 1529 694 neque
1574 646 1617 682 ut
1647 654 1691 682 se

194 711 379 763 potentia
409 707 598 762 superari
630 712 785 760 putent.
846 707 963 757 Quae
1011 708 1123 749 domi
1162 708 1350 761 gerenda
1380 713 1494 760 sunt,
1539 721 1589 749 ea
1619 720 1693 761 per

194 775 419 816 Caeciliam
450 774 756 828 transiguntur,
799 774 877 815 fori
907 774 1132 827 iudiciique
1163 775 1366 816 rationem
1396 774 1449 815 M.
1482 773 1692 824 Messalla,

194 846 236 882 ut
266 841 431 892 videtis,
462 841 635 892 iudices,
665 841 868 894 suscepit3
900 841 967 893 qui
999 841 1033 881 si
1065 842 1147 881 iam
1178 841 1281 882 satis
1312 841 1461 882 aetatis
1493 855 1542 882 ac
1572 841 1692 883 robo-

193 908 249 948 ris
282 907 468 959 haberet,
500 908 590 960 ipse
622 922 696 962 pro
727 908 822 949 8011.
849 907 1000 948 Roscio
1032 907 1209 959 dieeret3
1243 908 1438 960 quoniam
1470 907 1523 948 ad
1555 908 1693 949 dicen-

193 973 288 1014 dum
320 973 618 1026 impedimento
650 979 713 1015 est
742 978 860 1016 aetas
891 978 931 1015 et
961 973 1106 1026 pudor,
1139 974 1207 1026 qui
1229 979 1348 1015 ornat
1369 977 1562 1026 aetatem,
1594 987 1691 1015 cau-

193 1053 281 1081 sam
315 1040 414 1080 mihi
447 1039 637 1091 tradidit,
670 1054 790 1093 quem
822 1054 898 1081 sua
929 1053 1058 1081 causa
1088 1053 1239 1094 cupere
1270 1054 1320 1081 ac
1351 1041 1503 1082 debere
1534 1040 1694 1081 intelle-

194 1106 334 1159 gebat,
366 1106 456 1160 ipse
479 1106 747 1160 adsiduitate,
775 1107 964 1159 consilio,
990 1108 1249 1158 auctoritate,
1268 1107 1488 1160 diligentia
1506 1107 1694 1160 perfecit,

194 1177 237 1213 ut
268 1173 364 1213 Sex.
382 1172 521 1214 Roscii
553 1174 638 1214 vita
671 1179 815 1228 erepta
846 1173 896 1215 de
929 1174 1120 1214 manibus
1152 1178 1357 1214 sectorum
1389 1174 1605 1214 sententiis
1636 1174 1694 1214 iu-

195 1238 332 1280 dicum
377 1240 695 1292 permitteretur.
754 1239 982 1292 Nimirum,
1031 1240 1209 1290 iudices,
1256 1253 1330 1293 pro
1369 1240 1449 1281 hac
1479 1239 1696 1281 nobilitate

195 1318 294 1359 pars
324 1305 509 1346 maxima
541 1306 721 1347 civitatis
752 1307 793 1347 in
826 1306 953 1347 armis
983 1306 1076 1357 fuit3
1123 1307 1228 1347 haec
1259 1310 1353 1347 acta
1382 1320 1448 1348 res
1480 1313 1564 1359 est,
1596 1310 1638 1347 ut
1668 1306 1696 1346 ii

197 1371 359 1413 nobiles
390 1372 703 1414 restituerentur
733 1373 773 1413 in
806 1373 1029 1425 civitatem,
1062 1373 1131 1425 qui
1156 1373 1235 1414 hoc
1261 1373 1460 1424 facerent,
1492 1373 1602 1425 quod
1636 1373 1695 1413 fa-

198 1451 291 1480 cere
322 1437 564 1479 Messallam
598 1438 759 1489 videtis,
793 1439 861 1492 qui
894 1443 1019 1493 caput
1050 1439 1282 1480 innocentis
1311 1439 1597 1490 defenderent,
1629 1439 1696 1492 qui

197 1504 373 1546 iniuriae
404 1505 666 1558 resisterent,
699 1505 789 1558 qui,
825 1510 1021 1559 quantum
1054 1510 1243 1559 possent,
1286 1506 1327 1546 in
1361 1506 1495 1547 salute
1527 1505 1697 1547 alterius

198 1584 322 1624 quam
353 1571 393 1612 in
425 1571 551 1612 exitio
582 1572 756 1612 mallent
785 1572 1026 1624 ostendere3
1061 1572 1171 1625 quod
1203 1572 1236 1613 si
1269 1585 1427 1624 omnes,
1458 1572 1526 1625 qui
1551 1571 1698 1613 eodem

198 1638 291 1679 loco
322 1637 409 1678 nati
441 1642 547 1690 sunt,
580 1638 780 1690 facerent,
813 1643 853 1679 et
882 1651 948 1679 res
980 1638 1149 1692 publiea
1179 1652 1230 1680 ex
1260 1639 1343 1680 illis
1376 1643 1415 1680 et
1446 1637 1523 1692 ipsi
1557 1651 1609 1679 ex
1638 1637 1698 1678 in-

198 1704 313 1746 vidia
337 1704 472 1745 minus
503 1705 757 1746 laborarent.

306 1770 396 1811 LII.
456 1770 607 1811 Verum
638 1771 672 1811 si
704 1784 729 1812 a
760 1771 1057 1825 Chrysogono,
1088 1770 1268 1822 iudices,
1300 1783 1381 1811 non
1414 1770 1697 1823 impetramus,

199 1840 242 1878 ut
271 1837 450 1891 pecunia
479 1841 623 1878 nostra
652 1841 869 1878 contentus
900 1838 965 1889 sit,
996 1838 1123 1878 vitam
1156 1850 1206 1878 ne
1231 1840 1358 1890 petat,
1392 1836 1425 1877 si
1452 1836 1522 1877 ille
1546 1835 1698 1878 adduci

199 1916 280 1944 non
311 1908 459 1957 potest,
491 1907 546 1955 ut,
579 1917 669 1945 eum
701 1903 904 1945 ademerit
934 1903 1054 1945 nobis
1087 1903 1238 1955 omnia,
1272 1916 1379 1956 quac
1410 1908 1553 1944 nostra
1581 1907 1699 1944 eraut

198 1970 384 2024 propria,
414 1983 465 2011 ne
495 1970 628 2011 lucem
661 1983 823 2023 quoque
854 1970 980 2020 hane,
1014 1983 1120 2022 quae
1153 1969 1381 2012 communis
1413 1974 1491 2022 est,
1537 1970 1698 2023 eripere

200 2037 361 2090 cupiat,
405 2036 439 2077 si
470 2050 551 2078 non
591 2037 694 2077 satis
734 2037 861 2078 habet
899 2037 1119 2078 avaritiam
1159 2050 1277 2078 suam
1308 2036 1486 2090 pecunia
1517 2037 1697 2089 explere,

198 2103 279 2143 nisi
311 2103 435 2144 etiam
469 2103 704 2144 crudelitati
735 2103 908 2157 sanguis
940 2104 1152 2157 praebitus
1183 2103 1256 2154 sit,
1294 2116 1418 2144 unum
1449 2102 1699 2157 perfugium,

198 2169 371 2220 iudices,
403 2182 485 2210 una
515 2181 613 2223 spes
645 2169 806 2222 reliqua
837 2175 899 2211 est
923 2169 1020 2211 Sex.
1040 2169 1182 2222 Rocio,
1215 2170 1362 2211 eadem
1395 2183 1501 2222 quae
1533 2169 1592 2210 rei
1623 2182 1696 2222 pu-

199 2236 348 2287 blicae,
380 2240 519 2277 vestra
548 2235 725 2289 pristina
755 2237 918 2277 bonitas
950 2240 989 2276 et
1010 2236 1308 2278 misericordia.
1350 2236 1467 2285 Quae
1490 2235 1523 2276 si
1544 2240 1698 2288 manet,

200 2302 305 2342 salvi
337 2301 462 2342 etiam
491 2315 599 2342 1111110
629 2314 722 2342 esse
753 2315 996 2355 possumus,
1028 2302 1092 2343 sin
1127 2316 1177 2343 ea
1210 2303 1447 2357 crudelitas,
1481 2315 1587 2355 quae
1619 2302 1699 2343 hoc

199 2372 386 2421 tempore
417 2368 457 2408 in
490 2381 532 2408 re
565 2368 732 2421 publiea
765 2373 934 2409 versata
965 2372 1039 2418 est,
1070 2373 1230 2410 vestros
1262 2382 1425 2422 quoque
1445 2369 1607 2409 animos
1638 2367 1697 2420 (id

200 2434 311 2487 quod
341 2434 429 2475 fieri
461 2435 649 2488 profecto
680 2448 761 2475 non
793 2435 950 2489 potest)
983 2435 1171 2476 duriores
1209 2436 1531 2488 acerbioresque
1562 2434 1696 2475 reddi-

200 2501 273 2551 dit,
304 2505 440 2542 actum
472 2505 546 2552 est,
577 2501 756 2552 iudices3
799 2501 906 2542 inter
936 2501 1046 2543 feras
1076 2502 1206 2543 satius
1239 2507 1301 2544 est
1333 2506 1511 2543 aetatem
1543 2500 1697 2554 degere

298 2656 441 2691 Testim.
468 2659 536 2690 vet.

295 2719 313 2757 ξ
343 2717 419 2751 150.
447 2714 667 2749 Arusian.
694 2713 907 2749 MessVII
936 2724 971 2757 p.
989 2714 1067 2756 468,
1087 2715 1104 2747 1
1129 2714 1172 2750 K.
1200 2714 1274 2749 Cic.
1293 2725 1360 2759 pro
1386 2713 1559 2748 Roscio
1591 2712 1698 2757 ,inter

200 2772 299 2808 feras
325 2774 441 2809 satius
469 2777 526 2809 est
552 2777 710 2808 aetatem
739 2772 900 2817 degere‘.
