1820 3068
217 123 271 167 48
615 125 687 162 Pro
715 127 796 162 Sex.
822 126 959 163 Roscio
987 139 1016 163 e.
1043 129 1089 164 22
1117 132 1136 170 ἓ
1165 128 1317 165 61—63.

218 250 334 290 nem,
374 238 518 279 vexari
549 239 730 292 pessime
761 239 1024 291 societatem,
1069 239 1246 292 gratiam
1285 239 1596 293 potentiamque
1627 240 1715 281 eius

218 305 409 358 neglegi,
450 304 609 346 iudices
649 304 872 357 diligenter
910 305 1146 354 attendere,
1188 306 1342 359 populo
1383 319 1467 347 rem
1499 306 1714 359 indignam

169 383 202 407 ει
220 370 364 412 videri.
412 370 528 419 Quae
555 371 749 423 quoniam
775 376 815 412 te
839 371 1090 424 fefellerunt,
1119 371 1255 423 Eruci,
1289 372 1566 426 quoniamque
1597 372 1715 414 vides

218 450 341 478 versa
371 450 462 478 esse
494 438 644 486 omnia,
679 450 848 478 causam
880 451 955 491 pro
987 437 1084 479 Sex.
1108 437 1273 490 Roscio,
1306 438 1340 478 si
1371 452 1451 480 non
1485 438 1714 491 commode,

218 509 261 544 at
289 504 419 544 libere
450 503 552 555 dici,
597 516 717 556 quem
750 503 846 544 dedi
883 504 1086 558 putabas,
1130 504 1299 544 defendi
1337 505 1567 558 intellegis,
1612 517 1716 558 quos

217 570 442 611 tradituros
473 570 696 623 sperabas,
739 569 857 611 vides
888 570 1095 622 iudicare,
1138 571 1306 612 restitue
1337 571 1457 612 nobis
1487 570 1716 624 aliquando

218 642 399 679 veterem
437 641 549 678 tuam
588 637 703 677 illam
741 636 1013 678 calliditatem
1055 642 1179 689 atque
1218 636 1480 690 prudentiam
1521 636 1717 679 confitere

218 704 298 745 huc
327 716 376 744 ea
407 716 481 756 spe
513 703 700 755 venisse,
741 703 850 756 quod
882 709 1051 757 putares
1082 703 1150 744 hic
1179 704 1463 753 latrocinium,
1498 716 1580 745 non
1612 703 1715 744 iudi-

219 771 324 812 cium
358 770 550 811 futurum.

330 837 391 878 De
423 835 647 892 parricidio
689 849 817 876 causa
848 835 1015 887 dicitur,
1058 835 1164 876 ratio
1196 835 1248 875 ab
1280 840 1524 877 accusatore
1554 835 1720 877 reddita

170 917 300 944 621]οΠ
333 908 416 955 est,
458 916 581 957 quam
613 903 666 944 ab
698 916 868 944 causam
909 907 1070 956 patrem
1110 901 1219 942 filius
1252 902 1463 943 occiderit.
1525 902 1646 951 Quod
1676 902 1718 943 in

219 970 400 1011 minimis
430 970 566 1011 noxiis
599 974 640 1010 et
669 970 709 1009 in
740 969 803 1009 his
833 969 1060 1010 levioribus
1090 969 1294 1022 peccatis,
1328 982 1433 1021 quae
1464 969 1600 1022 magis
1632 982 1718 1010 cre-

221 1038 296 1078 bra
335 1042 375 1078 et
413 1038 495 1077 iam
535 1049 667 1090 prope
715 1036 926 1077 cotidiana
969 1039 1085 1088 sunt,
1134 1036 1200 1076 vel
1241 1036 1420 1076 maxime
1462 1041 1502 1077 et
1540 1035 1717 1089 primum

220 1103 452 1157 quaeritur,
486 1116 592 1156 quae
624 1115 753 1143 causa
782 1101 977 1143 maleficii
1008 1102 1155 1155 fuerit,
1194 1102 1236 1143 id
1269 1103 1444 1143 Erucius
1473 1102 1514 1142 in
1546 1101 1719 1156 parrici-

221 1170 290 1212 dio
322 1170 466 1224 quaeri
496 1182 578 1210 non
610 1174 727 1222 putat
757 1174 972 1222 oportere,
1003 1169 1043 1209 in
1076 1182 1156 1222 quo
1187 1169 1357 1220 scelere,
1388 1169 1560 1222 iudices,
1594 1169 1719 1210 etiam

222 1252 313 1280 cum
343 1237 497 1278 multae
529 1249 680 1277 causae
713 1236 958 1277 convenisse
990 1248 1113 1276 unum
1146 1235 1186 1276 in
1216 1236 1351 1277 locum
1383 1241 1508 1288 atque
1538 1235 1645 1276 inter
1675 1248 1720 1277 se

221 1317 451 1358 congruere
488 1303 700 1354 videntur,
740 1308 878 1343 tamen
917 1316 999 1344 non
1037 1306 1193 1343 temere
1233 1302 1433 1354 creditur,
1473 1315 1607 1355 neque
1637 1301 1720 1343 levi

222 1372 459 1413 coniectura
489 1382 555 1411 res
585 1368 799 1423 penditur,
840 1382 972 1422 neque
1004 1369 1121 1410 testis
1151 1368 1332 1410 incertus
1363 1368 1548 1421 auditur,
1586 1381 1720 1422 neque

222 1436 478 1480 accusatoris
510 1436 679 1489 ingenio
710 1449 777 1477 res
807 1435 1023 1477 iudicatur.
1072 1434 1174 1476 Cum
1198 1436 1328 1477 multa
1351 1442 1475 1477 antea
1498 1435 1722 1477 commissa

221 1504 448 1555 maleficia,
489 1516 579 1544 cum
612 1502 697 1543 vita
727 1501 906 1543 hominis
940 1501 1243 1555 perditissima,
1277 1507 1361 1544 tum
1394 1502 1619 1556 singularis
1650 1515 1721 1542 au-

221 1571 345 1613 dacia
375 1569 618 1611 ostendatur
647 1582 819 1610 necesse
852 1574 926 1620 est,
961 1583 1093 1622 neque
1125 1570 1305 1611 audacia
1329 1570 1475 1621 solum,
1508 1568 1582 1610 sed
1613 1582 1720 1610 sum—

221 1651 311 1679 mus
342 1638 456 1678 furor
487 1642 611 1689 atque
643 1636 837 1677 amentia..
897 1636 1013 1677 Haec
1045 1649 1136 1677 cum
1167 1637 1249 1677 sint
1281 1637 1440 1689 omnia,
1484 1640 1622 1677 tamen
1652 1648 1721 1677 ex-

222 1710 331 1746 stent
361 1708 523 1757 oportet
553 1716 753 1758 expressa
785 1703 955 1744 sceleris
987 1703 1178 1756 vestigia,
1218 1703 1298 1756 ubi,
1331 1716 1413 1756 qua
1443 1702 1617 1754 ratione,
1648 1714 1724 1756 per

223 1784 341 1824 quos,
372 1784 452 1823 quo
483 1774 669 1824 tempore
701 1768 949 1810 maleficium
982 1770 1034 1810 sit
1059 1769 1299 1811 admissum.
1347 1770 1465 1819 Quae
1488 1768 1570 1810 nisi
1592 1769 1724 1810 multa

224 1843 264 1879 et
293 1836 518 1878 manifesta
551 1841 664 1888 sunt,
696 1835 884 1889 profecto
914 1849 981 1877 res
1014 1841 1098 1877 tam
1122 1837 1319 1887 scelesta,
1351 1841 1435 1877 tam
1467 1840 1606 1885 atrox,
1638 1840 1722 1876 tam

176 1904 388 1946 essnefaria
426 1903 539 1944 credi
578 1916 658 1944 non
699 1907 846 1956 potest.
913 1902 1069 1956 Magna
1101 1908 1163 1944 est
1193 1903 1301 1944 enim
1334 1902 1395 1943 vis
1426 1902 1721 1954 humanitatis3

223 1972 395 2012 multum
443 1970 555 2012 valet
599 1968 832 2010 communio
877 1969 1118 2022 sanguinis3
1169 1969 1404 2010 reclamitat
1446 1969 1568 2011 istius
1611 1968 1724 2010 modi

225 2038 532 2091 suspicionibus
562 2037 656 2090 ipsa
686 2041 854 2087 natura3
901 2041 1135 2090 portentum
1172 2041 1296 2089 atque
1327 2041 1556 2077 monstrum
1586 2035 1724 2077 certis-

225 2105 372 2146 simum
406 2109 469 2145 est
499 2116 591 2145 esse
623 2094 803 2155 aliquem
834 2103 1017 2144 humana
1047 2103 1187 2156 specie
1219 2108 1259 2144 et
1288 2102 1434 2156 figura,
1466 2102 1535 2156 qui
1565 2106 1724 2143 tantum

223 2172 482 2213 immanitate
513 2170 669 2211 bestias
701 2170 857 2221 vicerit,
888 2174 943 2221 ut,
973 2174 1143 2223 propter
1173 2182 1276 2222 quos
1301 2169 1410 2210 hanc
1432 2168 1723 2210 suavissimam

323 2315 466 2348 Testim.
496 2318 563 2347 ret.

321 2376 339 2415 ξ
367 2375 410 2409 63
438 2373 667 2407 victorin.
694 2382 728 2416 p.
747 2373 828 2414 269,
851 2372 895 2407 38
919 2370 983 2407 (cf.
1011 2371 1131 2415 §1502
1159 2370 1358 2405 Commune
1387 2375 1451 2411 est,
1481 2369 1579 2414 quod
1606 2373 1723 2404 trans-

225 2431 313 2467 ferri
338 2433 373 2466 in
401 2432 539 2467 similes
567 2440 701 2466 causas
729 2435 871 2475 potesta
899 2428 1006 2473 ,filius
1033 2434 1177 2473 patrem
1194 2430 1394 2465 interfecit:
1421 2430 1599 2464 reclamat
1616 2429 1724 2463 istius

225 2492 325 2527 modi
352 2490 624 2534 suspicionibus
650 2490 732 2534 ipsa
758 2492 914 2524 natura}

321 2554 441 2589 Sclzol.
473 2553 536 2588 Gr.
590 2556 608 2594 ἓ
637 2553 674 2588 6]
724 2552 847 2593 Quae
875 2551 1106 2596 quoniam]
1146 2551 1313 2586 Erucium
1341 2550 1478 2585 irridet.

323 2615 414 2656 §62
457 2613 516 2647 De
551 2611 818 2655 parricidio
855 2621 996 2646 causa
1029 2610 1237 2654 diciturJ:
1280 2609 1466 2653 Cecidit³³)
1494 2609 1598 2643 locus
1626 2617 1722 2642 com-

227 2674 344 2708 munis
377 2672 422 2707 de
456 2671 671 2716 parricidio,
711 2670 1017 2714 quemadmodum
1051 2669 1240 2714 superius,
1276 2679 1348 2703 non
1382 2669 1548 2712 potuisse
1574 2666 1724 2711 parrici—

227 2733 325 2768 dium
351 2729 430 2767 fieri
455 2731 535 2767 sine
561 2740 686 2765 causa.

324 2839 360 2882 3>
385 2840 453 2870 Fiir
478 2837 635 2869 cecidit
659 2837 701 2868 ist
727 2836 895 2868 vielleicht
919 2836 1077 2867 incidit
1105 2837 1185 2867 oder
1209 2834 1372 2875 incipit
1397 2844 1437 2865 zu
1464 2833 1645 2865 schreiben.
