1945 3073
662 65 812 110 Kapitel
837 64 996 99 XXXIII
1027 68 1046 105 ξ
1073 65 1130 100 92.
1592 63 1672 105 305

137 178 441 229 Abhangigkeit
478 192 566 216 vom
598 178 791 216 Praesens
821 177 1005 225 indicat„
1044 178 1116 214 wie
1147 175 1228 215 Cic.
1261 176 1373 214 Verr.
1408 175 1476 223 IV,
1509 178 1555 214 11
1589 177 1672 214 veri

138 245 264 283 simile
294 260 371 282 non
406 251 476 293 est,
507 252 549 283 ut
578 245 645 283 ille
668 268 719 273 ——
744 245 950 296 pecuniam
981 250 1248 294 anteponeret.
1292 242 1405 279 Noch
1436 241 1672 280 deutlicher:

138 313 177 348 in
210 312 342 351 Vatin.
383 312 408 362 ξ
439 314 463 350 5
501 326 647 363 quaero
685 326 708 349 a
745 318 802 361 te,
850 325 918 348 cur
958 309 1002 347 C.
1042 309 1269 347 Cornelium
1306 322 1382 346 non
1423 308 1674 346 defenderem

141 378 305 431 (warum
353 379 460 416 hatte
504 379 565 416 ich
610 379 676 415 ihn
715 377 823 415 nicht
866 376 1113 426 verteidigen
1161 372 1377 425 sollen?)“.
1436 374 1529 424 Vgl.
1575 375 1675 412 auch

140 445 291 482 Wetzel
324 445 372 483 de
403 446 678 483 consecutione
719 451 938 494 temporum
969 441 1050 481 Cic.
1083 457 1120 493 p.
1153 444 1203 480 28
1243 455 1333 489 ,non
1364 441 1560 491 pendente
1592 455 1676 478 ora-

138 512 245 549 tione
276 510 352 548 diei
386 518 530 562 potest:
564 518 654 548 sunt
684 524 825 548 causae
859 510 1089 560 permultae,
1123 522 1225 561 quae
1254 509 1370 545 istum
1402 507 1676 557 impellerent‘,

140 577 219 614 und
264 578 302 614 in
353 578 389 616 d.
438 578 526 617 adn.
569 580 591 616 2
640 592 729 627 ‚nou
774 576 937 613 multum
982 577 1144 613 interest
1189 576 1290 611 inter
1333 574 1537 611 fuerunt
1576 587 1678 624 quae

140 644 387 694 impellerent
429 652 467 682 et
512 650 626 681 sunt
671 657 771 695 quae
810 643 1070 694 impellerent.
1130 642 1203 679 Illo
1236 641 1467 691 simpliciter
1496 640 1678 688 refertur,

140 710 213 747 hoc
243 724 380 748 causas
410 710 499 748 illas
539 711 703 748 actionis
743 711 977 760 praeteritae
1016 709 1213 760 praesenti
1243 717 1418 758 tempore
1451 713 1586 757 patere
1617 706 1678 743 vel

141 778 340 828 expositas
371 791 456 815 esse
481 777 737 826 significatur.
784 776 1035 827 Quamquam
1056 775 1159 826 apud
1191 776 1386 812 neminem
1417 773 1547 810 adhuc
1577 772 1679 809 hanc

141 849 360 894 temporum
393 843 705 881 coniunctionem
732 850 799 880 aut
818 843 1023 893 probatam
1055 848 1123 879 aut
1152 843 1246 879 satis
1277 845 1502 878 excusatam
1534 839 1677 877 inveni.

142 909 287 948 Confer
309 917 440 948 tamen
472 910 519 947 de
551 910 617 949 Or.
642 909 694 959 II,
728 911 804 947 341
838 908 920 959 ,sed
952 916 989 946 et
1021 909 1114 959 quia
1143 907 1265 945 multa
1296 913 1408 944 suut
1438 919 1597 956 genera,
1631 904 1679 942 de

142 977 285 1028 quibus
315 990 429 1014 nemo
460 977 542 1014 fere
571 977 924 1027 praeciperet‘.
966 998 1005 1002 -·
1053 971 1218 1029 facultas]
1262 973 1322 1011 Cf.
1357 973 1437 1010 Cic.
1471 973 1519 1010 de
1551 974 1627 1011 inv.
1663 972 1678 1008 Ι

142 1043 167 1094 ξ
196 1045 246 1081 41
294 1044 572 1081 facultates
611 1048 720 1091 sunt,
767 1050 834 1080 aut
876 1042 1018 1093 quibus
1059 1041 1213 1078 facilius
1252 1040 1295 1077 fit
1325 1046 1391 1077 aut
1422 1040 1506 1077 sine
1537 1038 1680 1090 quibus

142 1110 294 1162 aliquid
335 1111 471 1147 confici
517 1124 593 1148 non
630 1115 778 1160 potest3
832 1108 1000 1159 Quintil.
1040 1108 1087 1157 V,
1123 1109 1185 1155 10,
1225 1108 1275 1145 49
1320 1105 1547 1154 ,intuendae
1592 1110 1682 1142 sunt

143 1179 434 1228 praecipueque
478 1178 518 1214 in
557 1177 790 1214 coniecturis
832 1174 891 1227 (d.
930 1176 966 1214 h,
1005 1175 1108 1212 heim
1149 1180 1272 1211 status
1310 1172 1605 1220 coniecturalis,
1651 1185 1680 1210 s,

146 1244 218 1281 Bd.
253 1244 267 1280 I
298 1258 333 1295 p.
358 1246 406 1283 17
438 1244 541 1281 Note
563 1243 604 1294 9)
638 1249 675 1280 et
705 1243 1010 1280 facultates:
1045 1240 1275 1278 credibilius
1308 1247 1365 1277 est
1396 1241 1497 1276 enim
1531 1239 1680 1276 occisos

144 1324 166 1347 a
205 1310 385 1361 pluribus
422 1311 646 1361 pauciores,
697 1323 719 1346 a
756 1309 993 1346 firmioribus
1033 1307 1320 1352 inbecilliores,
1365 1320 1386 1343 a
1425 1305 1682 1355 vigilantibus

144 1377 384 1423 dormientis,
417 1391 439 1414 a
462 1377 707 1428 praeparatis
727 1376 986 1426 inopinantis:
1019 1388 1184 1425 quorum
1209 1373 1404 1410 contraria
1428 1373 1465 1409 111
1486 1372 1681 1410 diversum

143 1443 288 1481 valent.
347 1443 459 1481 Haec
497 1450 534 1481 et
575 1444 615 1480 111
655 1442 911 1481 deliberando
944 1443 1139 1478 intuemur
1180 1446 1216 1478 et
1247 1441 1286 1476 in
1317 1440 1472 1477 iudiciis
1503 1440 1552 1476 ad
1586 1439 1682 1476 duas

144 1523 205 1548 res
236 1510 405 1548 solemus
435 1510 604 1559 referre,
645 1524 694 1547 an
724 1509 954 1547 voluerit
986 1510 1117 1560 quis,
1157 1521 1211 1544 an
1253 1508 1506 1558 potuerit‘.
1567 1505 1684 1543 Siehe

144 1576 260 1614 hiezu
300 1576 545 1624 Volkmann,
593 1576 788 1614 Rhetorik
826 1590 862 1626 p.
898 1578 996 1622 1743
1044 1575 1124 1625 vgl.
1166 1573 1267 1611 auch
1306 1574 1331 1624 ξ
1363 1575 1413 1612 68
1454 1574 1601 1610 amici
1633 1603 1641 1611 .
1674 1602 1682 1611 .

145 1644 279 1680 servi
311 1672 318 1680 .
352 1676 359 1683 .
392 1651 585 1693 tempus
617 1643 772 1681 locus,
804 1667 857 1671 —
888 1655 1005 1683 verum
1036 1641 1116 1696 quid
1146 1640 1190 1682 ad
1218 1637 1306 1695 rem]
1341 1655 1393 1678 sc.
1427 1640 1465 1677 id
1496 1640 1684 1691 pertinet3

145 1709 391 1758 gewo‘hnlieh
424 1709 523 1747 fehlt
552 1709 620 1758 id,
659 1724 699 1745 5ο
731 1709 832 1747 110611
865 1708 968 1745 Phil.
1005 1709 1038 1744 ΙΙ
1075 1709 1099 1758 ξ
1131 1711 1182 1746 72
1213 1709 1273 1745 1115
1304 1707 1552 1758 postulabas3
1600 1705 1684 1743 sed

146 1776 267 1827 quid
298 1775 356 1812 ad
394 1773 546 1824 rems),
598 1777 695 1815 Hor.
737 1790 797 1826 ep.
836 1778 870 1821 1,
904 1777 940 1816 6.
976 1777 1024 1812 12
1071 1774 1193 1826 quid
1231 1774 1287 1811 ad
1332 1787 1454 1823 rem,
1503 1773 1686 1822 dagegen

145 1856 182 1892 p.
216 1841 376 1891 Quincti.
406 1842 430 1892 ξ
462 1844 512 1881 79
544 1843 627 1879 56(1
660 1842 778 1894 quid
811 1842 856 1878 id
889 1841 948 1878 ad
980 1840 1108 1878 rem?
1139 1864 1188 1869 ——
1242 1843 1276 1881 et
1307 1840 1366 1880 alii
1395 1835 1507 1892 mulli]
1552 1838 1687 1876 Ueber
1744 1864 1747 1865 γ

146 1913 192 1945 et
211 1924 267 1943 =
288 1909 387 1945 etia
403 1922 438 1945 m
470 1910 520 1945 im
545 1909 808 1959 allgemeinen
828 1908 907 1945 und
928 1907 1143 1945 besonders
1166 1907 1227 1945 bei
1249 1906 1385 1945 Cicero
1419 1907 1468 1942 ist
1496 1905 1575 1942 viel
1606 1904 1686 1941 und

146 1974 201 2012 oft
230 1988 307 2012 von
338 1974 553 2013 Gelehrten
601 1975 816 2025 gehandelt
855 1975 1035 2024 worden,
1084 1975 1185 2012 ohne
1228 1973 1317 2011 (lass
1362 1973 1426 2010 die
1459 1972 1587 2022 Frage
1618 1984 1687 2007 zur

146 2040 474 2091 befriedigenden
504 2042 666 2092 Losung
697 2041 888 2092 gebracht
918 2041 1076 2078 worden
1108 2046 1222 2090 ware,
1256 2054 1285 2077 5.
1309 2039 1444 2076 Haase
1478 2051 1525 2074 zu
1548 2037 1687 2086 Reisig

146 2108 262 2147 Anm.
294 2109 387 2159 419,
420 2108 603 2145 Biichner
633 2123 666 2146 z.
697 2122 733 2147 u.
766 2108 822 2146 St.
872 2108 918 2145 In
950 2114 1133 2145 neuester
1163 2108 1249 2144 Zeit
1278 2107 1345 2143 hat
1377 2106 1440 2143 die
1471 2104 1597 2142 Sache
1627 2105 1686 2140 1115

146 2174 314 2224 richtige
343 2174 459 2211 Licht
491 2180 643 2224 gesetzt
672 2173 715 2214 C.
748 2176 794 2211 F.
828 2175 888 2213 W.
922 2174 1066 2211 11Ιί11161·
1106 2175 1145 2211 111
1185 2174 1290 2211 einer
1331 2172 1553 2210 trefflichen
1584 2171 1687 2207 Note

147 2254 194 2277 zu
225 2239 306 2278 Cic.
339 2240 416 2279 Off.
450 2241 465 2276 I
497 2240 522 2290 ξ
554 2241 643 2288 133,
675 2241 738 2278 (116
769 2241 837 2276 wir
867 2240 971 2289 hier,
1010 2240 1060 2277 da
1090 2241 1146 2278 sie
1184 2241 1279 2277 zwei
1311 2239 1460 2276 Stellen
1492 2238 1560 2275 der
1592 2237 1688 2274 Ros-

147 2308 260 2344 ciana
290 2307 448 2356 betrifft,
479 2320 580 2356 ganz
612 2306 756 2344 wieder
775 2306 926 2356 geben:
961 2307 1062 2358 „Die
1087 2306 1143 2344 oft
1166 2305 1460 2355 aufgeworfene
1490 2305 1571 2342 und
1602 2317 1688 2341 ver-

147 2373 334 2411 schieden
374 2374 658 2411 beantwortete
689 2374 838 2424 Frage,
887 2374 934 2411 ob
977 2380 1022 2411 et
1065 2373 1130 2411 bei
1161 2373 1242 2411 Cic.
1283 2372 1410 2421 ,auch‘
1451 2371 1579 2409 heisse
1609 2369 1687 2406 und

148 2440 211 2476 fiir
242 2441 393 2477 etiam
424 2439 556 2490 stehe,
588 2440 638 2476 ist
668 2439 793 2477 falsch
823 2440 994 2490 gestellt.
1055 2440 1158 2477 Dass
1190 2439 1254 2477 die
1284 2439 1405 2477 klass.
1438 2436 1614 2488 Sprache
1645 2442 1690 2473 et

148 2512 256 2552 setzt,
288 2519 345 2543 wo
378 2505 447 2543 der
477 2506 677 2544 Deutsche
706 2506 832 2553 ,auclv
865 2512 966 2556 sagt,
998 2507 1047 2543 ist
1069 2506 1225 2555 richtig‚
1259 2505 1349 2542 dass
1380 2518 1420 2542 es
1450 2504 1512 2540 fiir
1543 2504 1688 2540 etiam

148 2571 276 2620 stehe,
320 2573 370 2608 ist
407 2572 545 2609 falsch.
604 2572 694 2609 Wie
730 2572 894 2610 Plautus
934 2579 1022 2622 sagt
1060 2572 1123 2609 bei
1154 2569 1525 2609 Personenwechsel
1570 2583 1602 2605 z.
1644 2569 1688 2606 B.

149 2637 317 2688 Spero.
352 2638 412 2674 Et
435 2651 523 2687 ego
560 2652 729 2689 spero,
761 2638 897 2676 Vale.
928 2639 988 2675 Et
1014 2652 1098 2675 vos
1129 2645 1202 2676 etc.
1233 2638 1360 2675 ueben
1386 2637 1444 2673 Et
1476 2635 1689 2687 quidem,

147 2704 312 2741 niemals
343 2718 377 2740 z.
410 2704 454 2741 B.
487 2705 547 2741 Et
585 2718 673 2753 ego
714 2705 803 2743 hoc
839 2705 960 2752 feci,
1006 2718 1047 2741 so
1079 2703 1161 2741 Cic.
1207 2703 1335 2740 neben
1379 2703 1467 2739 dem
1506 2701 1689 2751 gewohn-

149 2769 278 2807 lichen
309 2777 354 2808 et
384 2770 580 2821 quidem
612 2770 661 2808 (16
694 2784 773 2809 sen.
808 2772 858 2809 25
889 2770 1045 2807 multa
1074 2784 1175 2821 quae
1206 2783 1283 2806 non
1314 2769 1414 2817 volt,
1446 2768 1566 2806 videt.
1634 2767 1691 2803 Et

149 2836 305 2874 multa
334 2836 500 2874 fortasse
531 2851 632 2889 quae
662 2837 756 2887 volt,
788 2836 900 2874 Sulla
933 2838 985 2875 48
1018 2836 1222 2873 Inimicum
1255 2850 1341 2887 ego,
1374 2835 1516 2889 inquiS,
1549 2847 1689 2872 accuso
