<?xml version="1.0" encoding="UTF-8"?>
<!DOCTYPE html PUBLIC "-//W3C//DTD XHTML 1.0 Transitional//EN"
    "http://www.w3.org/TR/xhtml1/DTD/xhtml1-transitional.dtd">
<html xmlns="http://www.w3.org/1999/xhtml" xml:lang="en" lang="en">
 <head>
  <title>
</title>
<meta http-equiv="Content-Type" content="text/html;charset=utf-8" />
  <meta name='ocr-system' content='tesseract 3.04.00' />
  <meta name='ocr-capabilities' content='ocr_page ocr_carea ocr_par ocr_line ocrx_word'/>
</head>
<body>
  <div class='ocr_page' id='page_1' title='image "./redefrsexrisci00ciceuoft_0048.png"; bbox 0 0 1820 3068; ppageno 0'>
   <div class='ocr_carea' id='block_1_1' title="bbox 191 164 1286 207">
    <p class='ocr_par' dir='ltr' id='par_1_1' title="bbox 191 164 1286 207">
     <span class='ocr_line' id='line_1_1' title="bbox 191 164 1286 207; baseline 0 -6"><span class='ocrx_word' id='word_1_1' title='bbox 191 164 244 206; x_wconf 68' lang='grc'>38</span> <span class='ocrx_word' id='word_1_2' title='bbox 587 167 658 201; x_wconf 86' lang='lat' dir='ltr'>Pro</span> <span class='ocrx_word' id='word_1_3' title='bbox 685 166 766 202; x_wconf 86' lang='lat' dir='ltr'>Sex.</span> <span class='ocrx_word' id='word_1_4' title='bbox 793 166 931 201; x_wconf 83' lang='lat' dir='ltr'>Roscio</span> <span class='ocrx_word' id='word_1_5' title='bbox 959 177 988 201; x_wconf 86' lang='lat' dir='ltr'>e.</span> <span class='ocrx_word' id='word_1_6' title='bbox 1021 168 1060 202; x_wconf 83' lang='lat'>15</span> <span class='ocrx_word' id='word_1_7' title='bbox 1088 169 1106 207; x_wconf 68' lang='grc' dir='ltr'><strong>ἓ</strong></span> <span class='ocrx_word' id='word_1_8' title='bbox 1136 166 1286 202; x_wconf 77' lang='lat'>42-44.</span> 
     </span>
    </p>
   </div>
   <div class='ocr_carea' id='block_1_2' title="bbox 141 276 1692 1799">
    <p class='ocr_par' dir='ltr' id='par_1_2' title="bbox 191 276 1689 596">
     <span class='ocr_line' id='line_1_2' title="bbox 192 276 1687 332; baseline 0.003 -15"><span class='ocrx_word' id='word_1_9' title='bbox 192 276 245 317; x_wconf 86' lang='lat' dir='ltr'>At</span> <span class='ocrx_word' id='word_1_10' title='bbox 282 276 547 330; x_wconf 88' lang='lat' dir='ltr'>perspicuum</span> <span class='ocrx_word' id='word_1_11' title='bbox 585 282 648 318; x_wconf 83' lang='lat' dir='ltr'>est</span> <span class='ocrx_word' id='word_1_12' title='bbox 676 277 832 318; x_wconf 89' lang='lat' dir='ltr'>nullum</span> <span class='ocrx_word' id='word_1_13' title='bbox 863 276 1007 318; x_wconf 85' lang='lat' dir='ltr'>fuisse.</span> <span class='ocrx_word' id='word_1_14' title='bbox 1079 277 1205 318; x_wconf 85' lang='lat' dir='ltr'>Pater</span> <span class='ocrx_word' id='word_1_15' title='bbox 1244 276 1372 330; x_wconf 89' lang='lat' dir='ltr'>igitur</span> <span class='ocrx_word' id='word_1_16' title='bbox 1409 291 1574 330; x_wconf 82' lang='lat' dir='ltr'>amenS,</span> <span class='ocrx_word' id='word_1_17' title='bbox 1616 278 1687 332; x_wconf 89' lang='lat' dir='ltr'>qui</span> 
     </span>
     <span class='ocr_line' id='line_1_3' title="bbox 192 342 1689 397; baseline 0.002 -14"><span class='ocrx_word' id='word_1_18' title='bbox 192 342 350 384; x_wconf 87' lang='lat' dir='ltr'>odisset</span> <span class='ocrx_word' id='word_1_19' title='bbox 381 357 471 385; x_wconf 94' lang='lat' dir='ltr'>eum</span> <span class='ocrx_word' id='word_1_20' title='bbox 506 344 594 385; x_wconf 88' lang='lat' dir='ltr'>sine</span> <span class='ocrx_word' id='word_1_21' title='bbox 626 357 765 395; x_wconf 84' lang='lat' dir='ltr'>causa,</span> <span class='ocrx_word' id='word_1_22' title='bbox 797 357 917 396; x_wconf 90' lang='lat' dir='ltr'>quem</span> <span class='ocrx_word' id='word_1_23' title='bbox 948 343 1222 397; x_wconf 82' lang='lat' dir='ltr'>procrearat?</span> <span class='ocrx_word' id='word_1_24' title='bbox 1263 345 1317 384; x_wconf 86' lang='lat' dir='ltr'>At</span> <span class='ocrx_word' id='word_1_25' title='bbox 1345 344 1380 385; x_wconf 92' lang='lat' dir='ltr'>is</span> <span class='ocrx_word' id='word_1_26' title='bbox 1413 345 1578 397; x_wconf 88' lang='lat' dir='ltr'>quidem</span> <span class='ocrx_word' id='word_1_27' title='bbox 1610 345 1689 386; x_wconf 86' lang='lat' dir='ltr'>fuit</span> 
     </span>
     <span class='ocr_line' id='line_1_4' title="bbox 191 409 1687 465; baseline 0.001 -15"><span class='ocrx_word' id='word_1_28' title='bbox 191 410 372 451; x_wconf 90' lang='lat' dir='ltr'>omnium</span> <span class='ocrx_word' id='word_1_29' title='bbox 405 410 776 451; x_wconf 85' lang='lat' dir='ltr'>constantissimus.</span> <span class='ocrx_word' id='word_1_30' title='bbox 827 410 939 462; x_wconf 88' lang='lat' dir='ltr'>Ergo</span> <span class='ocrx_word' id='word_1_31' title='bbox 971 409 1072 450; x_wconf 92' lang='lat' dir='ltr'>illud</span> <span class='ocrx_word' id='word_1_32' title='bbox 1105 410 1187 450; x_wconf 91' lang='lat' dir='ltr'>iam</span> <span class='ocrx_word' id='word_1_33' title='bbox 1210 411 1473 464; x_wconf 87' lang='lat' dir='ltr'>perspicuum</span> <span class='ocrx_word' id='word_1_34' title='bbox 1497 411 1687 465; x_wconf 87' lang='lat' dir='ltr'>profecto</span> 
     </span>
     <span class='ocr_line' id='line_1_5' title="bbox 191 476 1687 530; baseline 0.002 -14"><span class='ocrx_word' id='word_1_35' title='bbox 191 480 275 528; x_wconf 85' lang='lat' dir='ltr'>est,</span> <span class='ocrx_word' id='word_1_36' title='bbox 308 477 342 517; x_wconf 92' lang='lat' dir='ltr'>si</span> <span class='ocrx_word' id='word_1_37' title='bbox 374 489 507 529; x_wconf 89' lang='lat' dir='ltr'>neque</span> <span class='ocrx_word' id='word_1_38' title='bbox 539 488 681 517; x_wconf 85' lang='lat' dir='ltr'>amens</span> <span class='ocrx_word' id='word_1_39' title='bbox 712 480 831 530; x_wconf 88' lang='lat' dir='ltr'>pater</span> <span class='ocrx_word' id='word_1_40' title='bbox 859 489 992 529; x_wconf 90' lang='lat' dir='ltr'>neque</span> <span class='ocrx_word' id='word_1_41' title='bbox 1023 476 1209 529; x_wconf 90' lang='lat' dir='ltr'>perditus</span> <span class='ocrx_word' id='word_1_42' title='bbox 1239 476 1348 518; x_wconf 88' lang='lat' dir='ltr'>filius</span> <span class='ocrx_word' id='word_1_43' title='bbox 1378 477 1522 529; x_wconf 89' lang='lat' dir='ltr'>fuerit,</span> <span class='ocrx_word' id='word_1_44' title='bbox 1553 490 1687 530; x_wconf 88' lang='lat' dir='ltr'>neque</span> 
     </span>
     <span class='ocr_line' id='line_1_6' title="bbox 191 542 1271 596; baseline -0.001 -13"><span class='ocrx_word' id='word_1_45' title='bbox 191 542 275 583; x_wconf 87' lang='lat' dir='ltr'>odii</span> <span class='ocrx_word' id='word_1_46' title='bbox 308 556 476 584; x_wconf 90' lang='lat' dir='ltr'>causam</span> <span class='ocrx_word' id='word_1_47' title='bbox 510 542 618 596; x_wconf 83' lang='lat' dir='ltr'>patri</span> <span class='ocrx_word' id='word_1_48' title='bbox 648 555 782 594; x_wconf 91' lang='lat' dir='ltr'>neque</span> <span class='ocrx_word' id='word_1_49' title='bbox 811 543 983 584; x_wconf 87' lang='lat' dir='ltr'>sceleris</span> <span class='ocrx_word' id='word_1_50' title='bbox 1013 542 1098 584; x_wconf 91' lang='lat' dir='ltr'>filio</span> <span class='ocrx_word' id='word_1_51' title='bbox 1129 542 1271 584; x_wconf 89' lang='lat' dir='ltr'>fuisse.</span> 
     </span>
    </p>

    <p class='ocr_par' dir='ltr' id='par_1_3' title="bbox 141 611 1689 1132">
     <span class='ocr_line' id='line_1_7' title="bbox 301 611 1687 665; baseline 0 -12"><span class='ocrx_word' id='word_1_52' title='bbox 301 612 393 653; x_wconf 85' lang='lat' dir='ltr'>XV.</span> <span class='ocrx_word' id='word_1_53' title='bbox 423 613 607 665; x_wconf 84' lang='lat' dir='ltr'>‚Nescio‘</span> <span class='ocrx_word' id='word_1_54' title='bbox 638 612 771 664; x_wconf 88' lang='lat' dir='ltr'>inquit</span> <span class='ocrx_word' id='word_1_55' title='bbox 800 625 923 664; x_wconf 87' lang='lat' dir='ltr'>,quae</span> <span class='ocrx_word' id='word_1_56' title='bbox 948 625 1076 654; x_wconf 82' lang='lat' dir='ltr'>causa</span> <span class='ocrx_word' id='word_1_57' title='bbox 1101 613 1185 654; x_wconf 91' lang='lat' dir='ltr'>odii</span> <span class='ocrx_word' id='word_1_58' title='bbox 1211 613 1358 664; x_wconf 81' lang='lat' dir='ltr'>fuerit3</span> <span class='ocrx_word' id='word_1_59' title='bbox 1390 612 1520 654; x_wconf 85' lang='lat' dir='ltr'>fuisse</span> <span class='ocrx_word' id='word_1_60' title='bbox 1547 611 1687 653; x_wconf 89' lang='lat' dir='ltr'>odium</span> 
     </span>
     <span class='ocr_line' id='line_1_8' title="bbox 191 678 1686 732; baseline 0.001 -13"><span class='ocrx_word' id='word_1_61' title='bbox 191 678 403 732; x_wconf 77' lang='lat' dir='ltr'>intellego,</span> <span class='ocrx_word' id='word_1_62' title='bbox 436 679 534 732; x_wconf 85' lang='lat' dir='ltr'>quia</span> <span class='ocrx_word' id='word_1_63' title='bbox 564 684 699 727; x_wconf 85' lang='lat' dir='ltr'>antea,</span> <span class='ocrx_word' id='word_1_64' title='bbox 732 692 823 720; x_wconf 94' lang='lat' dir='ltr'>cum</span> <span class='ocrx_word' id='word_1_65' title='bbox 856 678 959 720; x_wconf 89' lang='lat' dir='ltr'>duos</span> <span class='ocrx_word' id='word_1_66' title='bbox 990 679 1098 721; x_wconf 89' lang='lat' dir='ltr'>filios</span> <span class='ocrx_word' id='word_1_67' title='bbox 1128 680 1316 731; x_wconf 81' lang='lat' dir='ltr'>haberet,</span> <span class='ocrx_word' id='word_1_68' title='bbox 1350 679 1465 720; x_wconf 93' lang='lat' dir='ltr'>illum</span> <span class='ocrx_word' id='word_1_69' title='bbox 1497 679 1686 732; x_wconf 87' lang='lat' dir='ltr'>alterum,</span> 
     </span>
     <span class='ocr_line' id='line_1_9' title="bbox 192 745 1687 800; baseline 0 -14"><span class='ocrx_word' id='word_1_70' title='bbox 192 745 259 797; x_wconf 93' lang='lat' dir='ltr'>qui</span> <span class='ocrx_word' id='word_1_71' title='bbox 290 751 476 786; x_wconf 89' lang='lat' dir='ltr'>mortuus</span> <span class='ocrx_word' id='word_1_72' title='bbox 510 752 592 798; x_wconf 85' lang='lat' dir='ltr'>est,</span> <span class='ocrx_word' id='word_1_73' title='bbox 625 759 764 786; x_wconf 89' lang='lat' dir='ltr'>secum</span> <span class='ocrx_word' id='word_1_74' title='bbox 796 746 906 786; x_wconf 90' lang='lat' dir='ltr'>omni</span> <span class='ocrx_word' id='word_1_75' title='bbox 937 751 1124 800; x_wconf 84' lang='lat' dir='ltr'>tempore</span> <span class='ocrx_word' id='word_1_76' title='bbox 1156 746 1323 787; x_wconf 85' lang='lat' dir='ltr'>volebat</span> <span class='ocrx_word' id='word_1_77' title='bbox 1354 758 1468 797; x_wconf 85' lang='lat' dir='ltr'>esse,</span> <span class='ocrx_word' id='word_1_78' title='bbox 1508 746 1617 787; x_wconf 89' lang='lat' dir='ltr'>hune</span> <span class='ocrx_word' id='word_1_79' title='bbox 1646 746 1687 786; x_wconf 92' lang='lat' dir='ltr'>in</span> 
     </span>
     <span class='ocr_line' id='line_1_10' title="bbox 190 811 1689 865; baseline 0.001 -13"><span class='ocrx_word' id='word_1_80' title='bbox 190 812 365 865; x_wconf 87' lang='lat' dir='ltr'>praedia</span> <span class='ocrx_word' id='word_1_81' title='bbox 405 812 558 853; x_wconf 86' lang='lat' dir='ltr'>rustica</span> <span class='ocrx_word' id='word_1_82' title='bbox 597 813 836 865; x_wconf 80' lang='lat' dir='ltr'>1·elegarat.‘</span> <span class='ocrx_word' id='word_1_83' title='bbox 907 812 1027 862; x_wconf 83' lang='lat' dir='ltr'>Quod</span> <span class='ocrx_word' id='word_1_84' title='bbox 1058 812 1210 854; x_wconf 82' lang='lat' dir='ltr'>Erucio</span> <span class='ocrx_word' id='word_1_85' title='bbox 1251 811 1470 854; x_wconf 87' lang='lat' dir='ltr'>accidebat</span> <span class='ocrx_word' id='word_1_86' title='bbox 1506 812 1546 852; x_wconf 90' lang='lat' dir='ltr'>in</span> <span class='ocrx_word' id='word_1_87' title='bbox 1577 813 1689 853; x_wconf 87' lang='lat' dir='ltr'>mala.</span> 
     </span>
     <span class='ocr_line' id='line_1_11' title="bbox 190 878 1687 932; baseline 0 -13"><span class='ocrx_word' id='word_1_88' title='bbox 190 879 493 932; x_wconf 81' lang='lat' dir='ltr'>nugatoriaque</span> <span class='ocrx_word' id='word_1_89' title='bbox 531 879 816 931; x_wconf 80' lang='lat' dir='ltr'>accusatione,</span> <span class='ocrx_word' id='word_1_90' title='bbox 856 879 967 920; x_wconf 91' lang='lat' dir='ltr'>idem</span> <span class='ocrx_word' id='word_1_91' title='bbox 997 879 1097 920; x_wconf 94' lang='lat' dir='ltr'>mihi</span> <span class='ocrx_word' id='word_1_92' title='bbox 1131 892 1206 920; x_wconf 92' lang='lat' dir='ltr'>usu</span> <span class='ocrx_word' id='word_1_93' title='bbox 1243 879 1355 920; x_wconf 84' lang='lat' dir='ltr'>venit</span> <span class='ocrx_word' id='word_1_94' title='bbox 1383 878 1425 919; x_wconf 91' lang='lat' dir='ltr'>in</span> <span class='ocrx_word' id='word_1_95' title='bbox 1456 892 1584 920; x_wconf 88' lang='lat' dir='ltr'>causa</span> <span class='ocrx_word' id='word_1_96' title='bbox 1616 892 1687 932; x_wconf 92' lang='lat' dir='ltr'>op-</span> 
     </span>
     <span class='ocr_line' id='line_1_12' title="bbox 190 945 1689 998; baseline 0.001 -13"><span class='ocrx_word' id='word_1_97' title='bbox 190 945 304 986; x_wconf 83' lang='lat' dir='ltr'>tima.</span> <span class='ocrx_word' id='word_1_98' title='bbox 365 945 440 987; x_wconf 90' lang='lat' dir='ltr'>Ille</span> <span class='ocrx_word' id='word_1_99' title='bbox 472 958 552 997; x_wconf 90' lang='lat' dir='ltr'>quo</span> <span class='ocrx_word' id='word_1_100' title='bbox 583 945 706 986; x_wconf 90' lang='lat' dir='ltr'>modo</span> <span class='ocrx_word' id='word_1_101' title='bbox 739 946 891 986; x_wconf 80' lang='lat' dir='ltr'>crimen</span> <span class='ocrx_word' id='word_1_102' title='bbox 925 945 1256 987; x_wconf 88' lang='lat' dir='ltr'>commenticium</span> <span class='ocrx_word' id='word_1_103' title='bbox 1290 945 1574 998; x_wconf 87' lang='lat' dir='ltr'>confirmaret,</span> <span class='ocrx_word' id='word_1_104' title='bbox 1605 958 1689 986; x_wconf 88' lang='lat' dir='ltr'>non</span> 
     </span>
     <span class='ocr_line' id='line_1_13' title="bbox 190 1010 1688 1066; baseline 0 -14"><span class='ocrx_word' id='word_1_105' title='bbox 190 1012 450 1059; x_wconf 86' lang='lat' dir='ltr'>inveniebat,</span> <span class='ocrx_word' id='word_1_106' title='bbox 496 1025 574 1065; x_wconf 87' lang='lat' dir='ltr'>ego</span> <span class='ocrx_word' id='word_1_107' title='bbox 617 1025 684 1053; x_wconf 92' lang='lat' dir='ltr'>res</span> <span class='ocrx_word' id='word_1_108' title='bbox 722 1016 805 1052; x_wconf 89' lang='lat' dir='ltr'>tam</span> <span class='ocrx_word' id='word_1_109' title='bbox 850 1013 963 1053; x_wconf 88' lang='lat' dir='ltr'>leves</span> <span class='ocrx_word' id='word_1_110' title='bbox 1003 1026 1085 1066; x_wconf 88' lang='lat' dir='ltr'>qua</span> <span class='ocrx_word' id='word_1_111' title='bbox 1124 1012 1284 1053; x_wconf 83' lang='lat' dir='ltr'>ratione</span> <span class='ocrx_word' id='word_1_112' title='bbox 1314 1010 1516 1053; x_wconf 87' lang='lat' dir='ltr'>infirmem</span> <span class='ocrx_word' id='word_1_113' title='bbox 1548 1025 1599 1053; x_wconf 88' lang='lat' dir='ltr'>ac</span> <span class='ocrx_word' id='word_1_114' title='bbox 1628 1011 1688 1052; x_wconf 88' lang='lat' dir='ltr'>di-</span> 
     </span>
     <span class='ocr_line' id='line_1_14' title="bbox 141 1078 1688 1132; baseline 0.001 -14"><span class='ocrx_word' id='word_1_115' title='bbox 141 1078 320 1129; x_wconf 71' lang='lat' dir='ltr'>4³1uam,</span> <span class='ocrx_word' id='word_1_116' title='bbox 360 1079 543 1131; x_wconf 88' lang='lat' dir='ltr'>reperire</span> <span class='ocrx_word' id='word_1_117' title='bbox 575 1091 656 1119; x_wconf 91' lang='lat' dir='ltr'>non</span> <span class='ocrx_word' id='word_1_118' title='bbox 687 1091 871 1132; x_wconf 85' lang='lat' dir='ltr'>possum.</span> <span class='ocrx_word' id='word_1_119' title='bbox 947 1079 1055 1128; x_wconf 81' lang='lat' dir='ltr'>Quid</span> <span class='ocrx_word' id='word_1_120' title='bbox 1087 1079 1172 1130; x_wconf 88' lang='lat' dir='ltr'>ais,</span> <span class='ocrx_word' id='word_1_121' title='bbox 1212 1078 1366 1119; x_wconf 79' lang='lat' dir='ltr'>Eruci?</span> <span class='ocrx_word' id='word_1_122' title='bbox 1412 1083 1471 1120; x_wconf 88' lang='lat' dir='ltr'>tot</span> <span class='ocrx_word' id='word_1_123' title='bbox 1499 1078 1688 1132; x_wconf 85' lang='lat' dir='ltr'>praedia,</span> 
     </span>
    </p>

    <p class='ocr_par' dir='ltr' id='par_1_4' title="bbox 141 1144 1692 1799">
     <span class='ocr_line' id='line_1_15' title="bbox 189 1144 1689 1198; baseline 0.001 -13"><span class='ocrx_word' id='word_1_124' title='bbox 189 1149 273 1185; x_wconf 88' lang='lat' dir='ltr'>tam</span> <span class='ocrx_word' id='word_1_125' title='bbox 304 1145 493 1198; x_wconf 87' lang='lat' dir='ltr'>pulchra,</span> <span class='ocrx_word' id='word_1_126' title='bbox 525 1149 610 1185; x_wconf 89' lang='lat' dir='ltr'>tam</span> <span class='ocrx_word' id='word_1_127' title='bbox 641 1146 854 1186; x_wconf 86' lang='lat' dir='ltr'>fructuosa</span> <span class='ocrx_word' id='word_1_128' title='bbox 881 1146 978 1187; x_wconf 78' lang='lat' dir='ltr'>Sex.</span> <span class='ocrx_word' id='word_1_129' title='bbox 997 1145 1172 1187; x_wconf 85' lang='lat' dir='ltr'>Roscius</span> <span class='ocrx_word' id='word_1_130' title='bbox 1202 1144 1287 1186; x_wconf 89' lang='lat' dir='ltr'>filio</span> <span class='ocrx_word' id='word_1_131' title='bbox 1317 1158 1391 1186; x_wconf 84' lang='lat' dir='ltr'>suo</span> <span class='ocrx_word' id='word_1_132' title='bbox 1417 1145 1689 1198; x_wconf 83' lang='lat' dir='ltr'>relegationis</span> 
     </span>
     <span class='ocr_line' id='line_1_16' title="bbox 190 1210 1689 1265; baseline 0.001 -14"><span class='ocrx_word' id='word_1_133' title='bbox 190 1224 239 1252; x_wconf 89' lang='lat' dir='ltr'>ac</span> <span class='ocrx_word' id='word_1_134' title='bbox 272 1212 465 1265; x_wconf 85' lang='lat' dir='ltr'>supplicii</span> <span class='ocrx_word' id='word_1_135' title='bbox 497 1212 635 1265; x_wconf 84' lang='lat' dir='ltr'>gratia</span> <span class='ocrx_word' id='word_1_136' title='bbox 666 1212 843 1253; x_wconf 85' lang='lat' dir='ltr'>colenda</span> <span class='ocrx_word' id='word_1_137' title='bbox 873 1226 923 1253; x_wconf 91' lang='lat' dir='ltr'>ac</span> <span class='ocrx_word' id='word_1_138' title='bbox 952 1213 1108 1254; x_wconf 84' lang='lat' dir='ltr'>tuenda</span> <span class='ocrx_word' id='word_1_139' title='bbox 1139 1212 1404 1254; x_wconf 71' lang='lat' dir='ltr'>tradiderat?</span> <span class='ocrx_word' id='word_1_140' title='bbox 1438 1211 1547 1261; x_wconf 82' lang='lat' dir='ltr'>Quid</span> <span class='ocrx_word' id='word_1_141' title='bbox 1578 1210 1689 1252; x_wconf 79' lang='lat' dir='ltr'>hoc?</span> 
     </span>
     <span class='ocr_line' id='line_1_17' title="bbox 189 1277 1688 1333; baseline 0.001 -16"><span class='ocrx_word' id='word_1_142' title='bbox 189 1282 331 1331; x_wconf 86' lang='lat' dir='ltr'>patres</span> <span class='ocrx_word' id='word_1_143' title='bbox 362 1277 560 1325; x_wconf 84' lang='lat' dir='ltr'>familias,</span> <span class='ocrx_word' id='word_1_144' title='bbox 594 1278 662 1330; x_wconf 91' lang='lat' dir='ltr'>qui</span> <span class='ocrx_word' id='word_1_145' title='bbox 692 1279 847 1320; x_wconf 87' lang='lat' dir='ltr'>liberos</span> <span class='ocrx_word' id='word_1_146' title='bbox 879 1279 1045 1326; x_wconf 84' lang='lat' dir='ltr'>habent,</span> <span class='ocrx_word' id='word_1_147' title='bbox 1078 1279 1324 1333; x_wconf 85' lang='lat' dir='ltr'>praesertim</span> <span class='ocrx_word' id='word_1_148' title='bbox 1356 1277 1546 1319; x_wconf 90' lang='lat' dir='ltr'>homines</span> <span class='ocrx_word' id='word_1_149' title='bbox 1577 1277 1688 1319; x_wconf 88' lang='lat' dir='ltr'>illius</span> 
     </span>
     <span class='ocr_line' id='line_1_18' title="bbox 190 1343 1688 1399; baseline -0.001 -14"><span class='ocrx_word' id='word_1_150' title='bbox 190 1344 347 1385; x_wconf 88' lang='lat' dir='ltr'>ordinis</span> <span class='ocrx_word' id='word_1_151' title='bbox 379 1357 429 1385; x_wconf 76' lang='lat' dir='ltr'>ex</span> <span class='ocrx_word' id='word_1_152' title='bbox 460 1344 697 1398; x_wconf 85' lang='lat' dir='ltr'>municipiis</span> <span class='ocrx_word' id='word_1_153' title='bbox 727 1345 970 1397; x_wconf 87' lang='lat' dir='ltr'>rusticanis,</span> <span class='ocrx_word' id='word_1_154' title='bbox 1001 1359 1136 1387; x_wconf 89' lang='lat' dir='ltr'>nonne</span> <span class='ocrx_word' id='word_1_155' title='bbox 1168 1345 1474 1399; x_wconf 87' lang='lat' dir='ltr'>optatissimum</span> <span class='ocrx_word' id='word_1_156' title='bbox 1506 1343 1585 1385; x_wconf 90' lang='lat' dir='ltr'>sibi</span> <span class='ocrx_word' id='word_1_157' title='bbox 1615 1357 1688 1397; x_wconf 89' lang='lat' dir='ltr'>pu-</span> 
     </span>
     <span class='ocr_line' id='line_1_19' title="bbox 189 1410 1688 1465; baseline 0.002 -15"><span class='ocrx_word' id='word_1_158' title='bbox 189 1415 278 1451; x_wconf 85' lang='lat' dir='ltr'>tant</span> <span class='ocrx_word' id='word_1_159' title='bbox 310 1423 401 1451; x_wconf 84' lang='lat' dir='ltr'>esse</span> <span class='ocrx_word' id='word_1_160' title='bbox 432 1410 541 1452; x_wconf 88' lang='lat' dir='ltr'>filios</span> <span class='ocrx_word' id='word_1_161' title='bbox 573 1424 671 1452; x_wconf 85' lang='lat' dir='ltr'>suos</span> <span class='ocrx_word' id='word_1_162' title='bbox 702 1412 759 1453; x_wconf 90' lang='lat' dir='ltr'>rei</span> <span class='ocrx_word' id='word_1_163' title='bbox 792 1412 989 1453; x_wconf 83' lang='lat' dir='ltr'>familiari</span> <span class='ocrx_word' id='word_1_164' title='bbox 1021 1413 1201 1454; x_wconf 76' lang='lat' dir='ltr'>maxime</span> <span class='ocrx_word' id='word_1_165' title='bbox 1240 1411 1397 1453; x_wconf 86' lang='lat' dir='ltr'>servire</span> <span class='ocrx_word' id='word_1_166' title='bbox 1427 1416 1468 1452; x_wconf 89' lang='lat' dir='ltr'>et</span> <span class='ocrx_word' id='word_1_167' title='bbox 1496 1411 1538 1451; x_wconf 89' lang='lat' dir='ltr'>in</span> <span class='ocrx_word' id='word_1_168' title='bbox 1568 1423 1688 1465; x_wconf 85' lang='lat' dir='ltr'>prae-</span> 
     </span>
     <span class='ocr_line' id='line_1_20' title="bbox 141 1473 1689 1532; baseline 0 -15"><span class='ocrx_word' id='word_1_169' title='bbox 141 1473 269 1518; x_wconf 73' lang='lat' dir='ltr'>44diis</span> <span class='ocrx_word' id='word_1_170' title='bbox 317 1477 503 1518; x_wconf 90' lang='lat' dir='ltr'>colendis</span> <span class='ocrx_word' id='word_1_171' title='bbox 549 1491 703 1531; x_wconf 87' lang='lat' dir='ltr'>operae</span> <span class='ocrx_word' id='word_1_172' title='bbox 753 1479 974 1532; x_wconf 89' lang='lat' dir='ltr'>plurimum</span> <span class='ocrx_word' id='word_1_173' title='bbox 1027 1479 1235 1532; x_wconf 88' lang='lat' dir='ltr'>studiique</span> <span class='ocrx_word' id='word_1_174' title='bbox 1287 1478 1568 1520; x_wconf 81' lang='lat' dir='ltr'>consumere?</span> <span class='ocrx_word' id='word_1_175' title='bbox 1624 1477 1689 1518; x_wconf 90' lang='lat' dir='ltr'>An</span> 
     </span>
     <span class='ocr_line' id='line_1_21' title="bbox 190 1543 1688 1599; baseline 0.002 -16"><span class='ocrx_word' id='word_1_176' title='bbox 190 1543 439 1584; x_wconf 88' lang='lat' dir='ltr'>amandarat</span> <span class='ocrx_word' id='word_1_177' title='bbox 467 1543 576 1585; x_wconf 89' lang='lat' dir='ltr'>hunc</span> <span class='ocrx_word' id='word_1_178' title='bbox 607 1545 679 1597; x_wconf 85' lang='lat' dir='ltr'>sic,</span> <span class='ocrx_word' id='word_1_179' title='bbox 713 1548 755 1586; x_wconf 90' lang='lat' dir='ltr'>ut</span> <span class='ocrx_word' id='word_1_180' title='bbox 786 1549 896 1586; x_wconf 86' lang='lat' dir='ltr'>esset</span> <span class='ocrx_word' id='word_1_181' title='bbox 924 1544 967 1586; x_wconf 92' lang='lat' dir='ltr'>in</span> <span class='ocrx_word' id='word_1_182' title='bbox 998 1559 1100 1599; x_wconf 88' lang='lat' dir='ltr'>agro</span> <span class='ocrx_word' id='word_1_183' title='bbox 1132 1559 1181 1587; x_wconf 90' lang='lat' dir='ltr'>ac</span> <span class='ocrx_word' id='word_1_184' title='bbox 1211 1549 1370 1586; x_wconf 86' lang='lat' dir='ltr'>tantum</span> <span class='ocrx_word' id='word_1_185' title='bbox 1401 1545 1526 1586; x_wconf 87' lang='lat' dir='ltr'>modo</span> <span class='ocrx_word' id='word_1_186' title='bbox 1557 1544 1688 1586; x_wconf 86' lang='lat' dir='ltr'>alere·</span> 
     </span>
     <span class='ocr_line' id='line_1_22' title="bbox 189 1610 1688 1661; baseline 0 -10"><span class='ocrx_word' id='word_1_187' title='bbox 189 1614 253 1651; x_wconf 89' lang='lat' dir='ltr'>tur</span> <span class='ocrx_word' id='word_1_188' title='bbox 282 1610 336 1651; x_wconf 88' lang='lat' dir='ltr'>ad</span> <span class='ocrx_word' id='word_1_189' title='bbox 367 1610 540 1652; x_wconf 78' lang='lat' dir='ltr'>villam?</span> <span class='ocrx_word' id='word_1_190' title='bbox 572 1615 614 1652; x_wconf 91' lang='lat' dir='ltr'>ut</span> <span class='ocrx_word' id='word_1_191' title='bbox 645 1611 874 1653; x_wconf 87' lang='lat' dir='ltr'>commodis</span> <span class='ocrx_word' id='word_1_192' title='bbox 905 1612 1095 1654; x_wconf 89' lang='lat' dir='ltr'>omnibus</span> <span class='ocrx_word' id='word_1_193' title='bbox 1127 1612 1318 1654; x_wconf 78' lang='lat' dir='ltr'>careret?</span> <span class='ocrx_word' id='word_1_194' title='bbox 1357 1611 1498 1661; x_wconf 76' lang='lat' dir='ltr'>Quid?</span> <span class='ocrx_word' id='word_1_195' title='bbox 1529 1610 1563 1652; x_wconf 89' lang='lat' dir='ltr'>si</span> <span class='ocrx_word' id='word_1_196' title='bbox 1595 1623 1688 1652; x_wconf 91' lang='lat' dir='ltr'>con-</span> 
     </span>
     <span class='ocr_line' id='line_1_23' title="bbox 190 1676 1692 1733; baseline 0 -16"><span class='ocrx_word' id='word_1_197' title='bbox 190 1681 272 1718; x_wconf 87' lang='lat' dir='ltr'>stat</span> <span class='ocrx_word' id='word_1_198' title='bbox 308 1677 418 1718; x_wconf 88' lang='lat' dir='ltr'>hunc</span> <span class='ocrx_word' id='word_1_199' title='bbox 456 1691 537 1718; x_wconf 92' lang='lat' dir='ltr'>non</span> <span class='ocrx_word' id='word_1_200' title='bbox 575 1678 699 1719; x_wconf 90' lang='lat' dir='ltr'>modo</span> <span class='ocrx_word' id='word_1_201' title='bbox 732 1678 918 1719; x_wconf 87' lang='lat' dir='ltr'>colendis</span> <span class='ocrx_word' id='word_1_202' title='bbox 949 1679 1133 1732; x_wconf 89' lang='lat' dir='ltr'>praediis</span> <span class='ocrx_word' id='word_1_203' title='bbox 1164 1678 1421 1733; x_wconf 81' lang='lat' dir='ltr'>praefuisse,</span> <span class='ocrx_word' id='word_1_204' title='bbox 1464 1677 1537 1719; x_wconf 88' lang='lat' dir='ltr'>sed</span> <span class='ocrx_word' id='word_1_205' title='bbox 1569 1676 1692 1718; x_wconf 88' lang='lat' dir='ltr'>certis</span> 
     </span>
     <span class='ocr_line' id='line_1_24' title="bbox 190 1742 1691 1799; baseline 0.002 -16"><span class='ocrx_word' id='word_1_206' title='bbox 190 1742 331 1784; x_wconf 89' lang='lat' dir='ltr'>fundis</span> <span class='ocrx_word' id='word_1_207' title='bbox 371 1748 489 1797; x_wconf 89' lang='lat' dir='ltr'>patre</span> <span class='ocrx_word' id='word_1_208' title='bbox 525 1744 619 1785; x_wconf 75' lang='lat' dir='ltr'>vivo</span> <span class='ocrx_word' id='word_1_209' title='bbox 655 1744 736 1785; x_wconf 87' lang='lat' dir='ltr'>frui</span> <span class='ocrx_word' id='word_1_210' title='bbox 768 1745 934 1786; x_wconf 90' lang='lat' dir='ltr'>solitum</span> <span class='ocrx_word' id='word_1_211' title='bbox 965 1758 1080 1799; x_wconf 86' lang='lat' dir='ltr'>esse,</span> <span class='ocrx_word' id='word_1_212' title='bbox 1119 1750 1313 1787; x_wconf 87' lang='lat' dir='ltr'>tamenne</span> <span class='ocrx_word' id='word_1_213' title='bbox 1343 1744 1450 1786; x_wconf 84' lang='lat' dir='ltr'>haec</span> <span class='ocrx_word' id='word_1_214' title='bbox 1479 1744 1565 1785; x_wconf 84' lang='lat' dir='ltr'>vita</span> <span class='ocrx_word' id='word_1_215' title='bbox 1597 1756 1622 1785; x_wconf 88' lang='lat' dir='ltr'>a</span> <span class='ocrx_word' id='word_1_216' title='bbox 1651 1747 1691 1786; x_wconf 86' lang='lat' dir='ltr'>te</span> 
     </span>
    </p>
   </div>
   <div class='ocr_carea' id='block_1_3' title="bbox 143 610 177 635">
    <p class='ocr_par' dir='ltr' id='par_1_5' title="bbox 143 610 177 635">
     <span class='ocr_line' id='line_1_25' title="bbox 143 610 177 635; baseline 0 0"><span class='ocrx_word' id='word_1_217' title='bbox 143 610 177 635; x_wconf 79' lang='lat'>42</span> 
     </span>
    </p>
   </div>
   <div class='ocr_carea' id='block_1_4' title="bbox 190 1912 1694 2671">
    <p class='ocr_par' dir='ltr' id='par_1_6' title="bbox 287 1912 526 1947">
     <span class='ocr_line' id='line_1_26' title="bbox 287 1912 526 1947; baseline 0.004 -2"><span class='ocrx_word' id='word_1_218' title='bbox 287 1912 432 1946; x_wconf 74' lang='lat' dir='ltr'>Testim.</span> <span class='ocrx_word' id='word_1_219' title='bbox 458 1916 526 1947; x_wconf 67' lang='lat' dir='ltr'>vet.</span> 
     </span>
    </p>

    <p class='ocr_par' dir='ltr' id='par_1_7' title="bbox 190 1971 1694 2074">
     <span class='ocr_line' id='line_1_27' title="bbox 284 1971 1694 2016; baseline 0.001 -10"><span class='ocrx_word' id='word_1_220' title='bbox 284 1974 303 2012; x_wconf 69' lang='grc' dir='ltr'>ξ</span> <span class='ocrx_word' id='word_1_221' title='bbox 328 1972 385 2007; x_wconf 85' lang='lat'>43.</span> <span class='ocrx_word' id='word_1_222' title='bbox 426 1971 653 2015; x_wconf 85' lang='lat' dir='ltr'>Agroecii</span> <span class='ocrx_word' id='word_1_223' title='bbox 681 1980 740 2006; x_wconf 85' lang='lat' dir='ltr'>ars</span> <span class='ocrx_word' id='word_1_224' title='bbox 767 1971 812 2006; x_wconf 90' lang='lat' dir='ltr'>de</span> <span class='ocrx_word' id='word_1_225' title='bbox 839 1971 1001 2016; x_wconf 90' lang='lat' dir='ltr'>orthogr.</span> <span class='ocrx_word' id='word_1_226' title='bbox 1026 1972 1095 2007; x_wconf 83' lang='lat' dir='ltr'>VII</span> <span class='ocrx_word' id='word_1_227' title='bbox 1120 1983 1153 2016; x_wconf 92' lang='lat' dir='ltr'>p.</span> <span class='ocrx_word' id='word_1_228' title='bbox 1177 1973 1253 2015; x_wconf 82' lang='lat'>119,</span> <span class='ocrx_word' id='word_1_229' title='bbox 1273 1972 1316 2007; x_wconf 78' lang='grc'>17</span> <span class='ocrx_word' id='word_1_230' title='bbox 1335 1972 1396 2006; x_wconf 73' lang='lat' dir='ltr'>K:</span> <span class='ocrx_word' id='word_1_231' title='bbox 1425 1972 1694 2016; x_wconf 83' lang='lat' dir='ltr'>‚Relegationis</span> 
     </span>
     <span class='ocr_line' id='line_1_28' title="bbox 190 2029 1309 2074; baseline 0.001 -11"><span class='ocrx_word' id='word_1_232' title='bbox 190 2038 234 2064; x_wconf 86' lang='lat' dir='ltr'>ae</span> <span class='ocrx_word' id='word_1_233' title='bbox 261 2029 434 2074; x_wconf 84' lang='lat' dir='ltr'>supplicii</span> <span class='ocrx_word' id='word_1_234' title='bbox 459 2030 580 2074; x_wconf 85' lang='lat' dir='ltr'>gratia</span> <span class='ocrx_word' id='word_1_235' title='bbox 607 2030 766 2064; x_wconf 88' lang='lat' dir='ltr'>colenda</span> <span class='ocrx_word' id='word_1_236' title='bbox 793 2035 831 2065; x_wconf 87' lang='lat' dir='ltr'>et</span> <span class='ocrx_word' id='word_1_237' title='bbox 855 2030 1056 2066; x_wconf 85' lang='lat' dir='ltr'>fruenda</span> <span class='ocrx_word' id='word_1_238' title='bbox 1080 2030 1309 2065; x_wconf 57' lang='lat' dir='ltr'>tradiderat}</span> 
     </span>
    </p>

    <p class='ocr_par' dir='ltr' id='par_1_8' title="bbox 190 2088 1693 2193">
     <span class='ocr_line' id='line_1_29' title="bbox 285 2088 1693 2134; baseline 0.001 -12"><span class='ocrx_word' id='word_1_239' title='bbox 285 2091 304 2129; x_wconf 66' lang='grc' dir='ltr'>ἓ</span> <span class='ocrx_word' id='word_1_240' title='bbox 332 2089 376 2123; x_wconf 78' lang='grc'>44</span> <span class='ocrx_word' id='word_1_241' title='bbox 415 2088 547 2123; x_wconf 85' lang='lat' dir='ltr'>Arus.</span> <span class='ocrx_word' id='word_1_242' title='bbox 576 2089 705 2124; x_wconf 85' lang='lat' dir='ltr'>Mess.</span> <span class='ocrx_word' id='word_1_243' title='bbox 734 2089 862 2134; x_wconf 90' lang='lat' dir='ltr'>VHp.</span> <span class='ocrx_word' id='word_1_244' title='bbox 889 2092 969 2133; x_wconf 81' lang='lat'>451,</span> <span class='ocrx_word' id='word_1_245' title='bbox 998 2091 1042 2126; x_wconf 84' lang='lat'>23</span> <span class='ocrx_word' id='word_1_246' title='bbox 1061 2090 1105 2125; x_wconf 91' lang='lat' dir='ltr'>K.</span> <span class='ocrx_word' id='word_1_247' title='bbox 1147 2090 1219 2125; x_wconf 89' lang='lat' dir='ltr'>Cic.</span> <span class='ocrx_word' id='word_1_248' title='bbox 1249 2101 1285 2134; x_wconf 88' lang='lat' dir='ltr'>p.</span> <span class='ocrx_word' id='word_1_249' title='bbox 1311 2089 1442 2124; x_wconf 88' lang='lat' dir='ltr'>Rosc.</span> <span class='ocrx_word' id='word_1_250' title='bbox 1469 2099 1526 2131; x_wconf 85' lang='lat' dir='ltr'>‚ac</span> <span class='ocrx_word' id='word_1_251' title='bbox 1551 2093 1693 2124; x_wconf 81' lang='lat' dir='ltr'>tantum</span> 
     </span>
     <span class='ocr_line' id='line_1_30' title="bbox 190 2145 1534 2193; baseline 0.001 -13"><span class='ocrx_word' id='word_1_252' title='bbox 190 2145 298 2181; x_wconf 86' lang='lat' dir='ltr'>modo</span> <span class='ocrx_word' id='word_1_253' title='bbox 327 2147 485 2182; x_wconf 84' lang='lat' dir='ltr'>aleretur</span> <span class='ocrx_word' id='word_1_254' title='bbox 512 2148 559 2182; x_wconf 88' lang='lat' dir='ltr'>ad</span> <span class='ocrx_word' id='word_1_255' title='bbox 585 2149 730 2191; x_wconf 87' lang='lat' dir='ltr'>villam,</span> <span class='ocrx_word' id='word_1_256' title='bbox 754 2149 837 2184; x_wconf 88' lang='lat' dir='ltr'>Ter.</span> <span class='ocrx_word' id='word_1_257' title='bbox 864 2148 938 2184; x_wconf 86' lang='lat' dir='ltr'>Ad.</span> <span class='ocrx_word' id='word_1_258' title='bbox 968 2150 1021 2193; x_wconf 87' lang='lat'>(4,</span> <span class='ocrx_word' id='word_1_259' title='bbox 1049 2150 1082 2191; x_wconf 83' lang='lat'>1,</span> <span class='ocrx_word' id='word_1_260' title='bbox 1112 2150 1149 2192; x_wconf 92' lang='lat'>1)</span> <span class='ocrx_word' id='word_1_261' title='bbox 1179 2148 1280 2192; x_wconf 84' lang='lat' dir='ltr'>apud</span> <span class='ocrx_word' id='word_1_262' title='bbox 1306 2149 1428 2183; x_wconf 87' lang='lat' dir='ltr'>villam</span> <span class='ocrx_word' id='word_1_263' title='bbox 1456 2150 1534 2183; x_wconf 85' lang='lat' dir='ltr'>est‘.</span> 
     </span>
    </p>

    <p class='ocr_par' dir='ltr' id='par_1_9' title="bbox 192 2209 1693 2373">
     <span class='ocr_line' id='line_1_31' title="bbox 284 2209 1693 2256; baseline 0.003 -14"><span class='ocrx_word' id='word_1_264' title='bbox 284 2209 405 2244; x_wconf 69' lang='lat' dir='ltr'>Sclcol.</span> <span class='ocrx_word' id='word_1_265' title='bbox 437 2210 499 2245; x_wconf 82' lang='lat' dir='ltr'>Gr.</span> <span class='ocrx_word' id='word_1_266' title='bbox 550 2211 643 2254; x_wconf 80' lang='lat' dir='ltr'>Kap.</span> <span class='ocrx_word' id='word_1_267' title='bbox 670 2211 740 2246; x_wconf 92' lang='lat' dir='ltr'>XV</span> <span class='ocrx_word' id='word_1_268' title='bbox 767 2214 785 2253; x_wconf 64' lang='grc' dir='ltr'>ξ</span> <span class='ocrx_word' id='word_1_269' title='bbox 812 2212 857 2247; x_wconf 77' lang='grc'>43</span> <span class='ocrx_word' id='word_1_270' title='bbox 885 2211 998 2253; x_wconf 84' lang='lat' dir='ltr'>Quid</span> <span class='ocrx_word' id='word_1_271' title='bbox 1025 2211 1114 2254; x_wconf 86' lang='lat' dir='ltr'>ais,</span> <span class='ocrx_word' id='word_1_272' title='bbox 1141 2211 1300 2256; x_wconf 90' lang='lat' dir='ltr'>Eruci]</span> <span class='ocrx_word' id='word_1_273' title='bbox 1338 2210 1559 2252; x_wconf 81' lang='lat' dir='ltr'>Qualitatem</span> <span class='ocrx_word' id='word_1_274' title='bbox 1585 2220 1693 2254; x_wconf 83' lang='lat' dir='ltr'>prae-</span> 
     </span>
     <span class='ocr_line' id='line_1_32' title="bbox 192 2267 1692 2314; baseline 0.002 -12"><span class='ocrx_word' id='word_1_275' title='bbox 192 2267 334 2302; x_wconf 89' lang='lat' dir='ltr'>diorum</span> <span class='ocrx_word' id='word_1_276' title='bbox 361 2279 440 2304; x_wconf 86' lang='lat' dir='ltr'>eam</span> <span class='ocrx_word' id='word_1_277' title='bbox 464 2269 580 2305; x_wconf 88' lang='lat' dir='ltr'>fuisse</span> <span class='ocrx_word' id='word_1_278' title='bbox 612 2270 787 2311; x_wconf 85' lang='lat' dir='ltr'>declarat,</span> <span class='ocrx_word' id='word_1_279' title='bbox 815 2280 910 2314; x_wconf 85' lang='lat' dir='ltr'>quae</span> <span class='ocrx_word' id='word_1_280' title='bbox 932 2280 1005 2305; x_wconf 92' lang='lat' dir='ltr'>non</span> <span class='ocrx_word' id='word_1_281' title='bbox 1032 2270 1150 2314; x_wconf 88' lang='lat' dir='ltr'>magis</span> <span class='ocrx_word' id='word_1_282' title='bbox 1168 2279 1312 2313; x_wconf 87' lang='lat' dir='ltr'>poenae</span> <span class='ocrx_word' id='word_1_283' title='bbox 1333 2278 1442 2313; x_wconf 87' lang='lat' dir='ltr'>quam</span> <span class='ocrx_word' id='word_1_284' title='bbox 1462 2270 1646 2314; x_wconf 86' lang='lat' dir='ltr'>voluptati</span> <span class='ocrx_word' id='word_1_285' title='bbox 1664 2271 1692 2314; x_wconf 88' lang='lat'>¹)</span> 
     </span>
     <span class='ocr_line' id='line_1_33' title="bbox 193 2328 902 2373; baseline 0 -11"><span class='ocrx_word' id='word_1_286' title='bbox 193 2332 308 2370; x_wconf 87' lang='lat' dir='ltr'>esset,</span> <span class='ocrx_word' id='word_1_287' title='bbox 337 2328 423 2371; x_wconf 84' lang='lat' dir='ltr'>quia</span> <span class='ocrx_word' id='word_1_288' title='bbox 450 2328 600 2363; x_wconf 82' lang='lat' dir='ltr'>dicebat</span> <span class='ocrx_word' id='word_1_289' title='bbox 626 2339 693 2373; x_wconf 88' lang='lat' dir='ltr'>pro</span> <span class='ocrx_word' id='word_1_290' title='bbox 720 2338 842 2372; x_wconf 83' lang='lat' dir='ltr'>poena</span> <span class='ocrx_word' id='word_1_291' title='bbox 858 2328 902 2371; x_wconf 84' lang='lat'>²).</span> 
     </span>
    </p>

    <p class='ocr_par' dir='ltr' id='par_1_10' title="bbox 193 2385 1694 2481">
     <span class='ocr_line' id='line_1_34' title="bbox 285 2385 1694 2432; baseline 0.001 -11"><span class='ocrx_word' id='word_1_292' title='bbox 285 2387 387 2432; x_wconf 88' lang='lat' dir='ltr'>Tot]</span> <span class='ocrx_word' id='word_1_293' title='bbox 431 2397 453 2422; x_wconf 84' lang='lat' dir='ltr'>a</span> <span class='ocrx_word' id='word_1_294' title='bbox 478 2398 647 2430; x_wconf 90' lang='lat' dir='ltr'>numero,</span> <span class='ocrx_word' id='word_1_295' title='bbox 688 2391 775 2422; x_wconf 88' lang='lat' dir='ltr'>tam</span> <span class='ocrx_word' id='word_1_296' title='bbox 808 2386 1013 2430; x_wconf 87' lang='lat' dir='ltr'>pulchra</span> <span class='ocrx_word' id='word_1_297' title='bbox 1046 2397 1068 2422; x_wconf 85' lang='lat' dir='ltr'>a</span> <span class='ocrx_word' id='word_1_298' title='bbox 1094 2386 1291 2431; x_wconf 83' lang='lat' dir='ltr'>qualitate,</span> <span class='ocrx_word' id='word_1_299' title='bbox 1329 2390 1416 2421; x_wconf 86' lang='lat' dir='ltr'>tam</span> <span class='ocrx_word' id='word_1_300' title='bbox 1442 2385 1694 2422; x_wconf 80' lang='lat' dir='ltr'>fructuosa</span> 
     </span>
     <span class='ocr_line' id='line_1_35' title="bbox 193 2444 439 2481; baseline 0.012 -3"><span class='ocrx_word' id='word_1_301' title='bbox 193 2444 239 2478; x_wconf 85' lang='lat' dir='ltr'>ab</span> <span class='ocrx_word' id='word_1_302' title='bbox 269 2446 439 2481; x_wconf 81' lang='lat' dir='ltr'>utilitate.</span> 
     </span>
    </p>

    <p class='ocr_par' dir='ltr' id='par_1_11' title="bbox 286 2503 996 2550">
     <span class='ocr_line' id='line_1_36' title="bbox 286 2503 996 2550; baseline 0 -12"><span class='ocrx_word' id='word_1_303' title='bbox 286 2504 427 2540; x_wconf 83' lang='lat' dir='ltr'>Illius</span> <span class='ocrx_word' id='word_1_304' title='bbox 457 2504 657 2550; x_wconf 90' lang='lat' dir='ltr'>ordinis]</span> <span class='ocrx_word' id='word_1_305' title='bbox 689 2505 786 2540; x_wconf 89' lang='lat' dir='ltr'>illius</span> <span class='ocrx_word' id='word_1_306' title='bbox 814 2503 996 2539; x_wconf 84' lang='lat' dir='ltr'>fortunae.</span> 
     </span>
    </p>

    <p class='ocr_par' dir='ltr' id='par_1_12' title="bbox 193 2564 1691 2671">
     <span class='ocr_line' id='line_1_37' title="bbox 288 2564 1691 2612; baseline -0.002 -10"><span class='ocrx_word' id='word_1_307' title='bbox 288 2569 306 2608; x_wconf 66' lang='grc' dir='ltr'><strong>ξ</strong></span> <span class='ocrx_word' id='word_1_308' title='bbox 334 2568 377 2602; x_wconf 73' lang='lat'>44</span> <span class='ocrx_word' id='word_1_309' title='bbox 405 2567 582 2610; x_wconf 82' lang='lat' dir='ltr'>Quodsi</span> <span class='ocrx_word' id='word_1_310' title='bbox 609 2567 813 2612; x_wconf 85' lang='lat' dir='ltr'>constat]</span> <span class='ocrx_word' id='word_1_311' title='bbox 845 2566 936 2601; x_wconf 88' lang='lat' dir='ltr'>Nam</span> <span class='ocrx_word' id='word_1_312' title='bbox 951 2564 1123 2611; x_wconf 86' lang='lat' dir='ltr'>praefuit,</span> <span class='ocrx_word' id='word_1_313' title='bbox 1151 2568 1190 2600; x_wconf 88' lang='lat' dir='ltr'>ut</span> <span class='ocrx_word' id='word_1_314' title='bbox 1216 2564 1401 2600; x_wconf 90' lang='lat' dir='ltr'>dominum</span> <span class='ocrx_word' id='word_1_315' title='bbox 1429 2568 1465 2600; x_wconf 90' lang='lat' dir='ltr'>et</span> <span class='ocrx_word' id='word_1_316' title='bbox 1493 2568 1532 2600; x_wconf 85' lang='lat' dir='ltr'>ut</span> <span class='ocrx_word' id='word_1_317' title='bbox 1549 2569 1691 2609; x_wconf 85' lang='lat' dir='ltr'>patrem</span> 
     </span>
     <span class='ocr_line' id='line_1_38' title="bbox 193 2624 1062 2671; baseline 0 -12"><span class='ocrx_word' id='word_1_318' title='bbox 193 2624 317 2667; x_wconf 87' lang='lat' dir='ltr'>decet,</span> <span class='ocrx_word' id='word_1_319' title='bbox 344 2636 417 2661; x_wconf 90' lang='lat' dir='ltr'>non</span> <span class='ocrx_word' id='word_1_320' title='bbox 443 2630 564 2661; x_wconf 87' lang='lat' dir='ltr'>tamen</span> <span class='ocrx_word' id='word_1_321' title='bbox 590 2627 777 2671; x_wconf 83' lang='lat' dir='ltr'>relegatus</span> <span class='ocrx_word' id='word_1_322' title='bbox 804 2636 826 2660; x_wconf 86' lang='lat' dir='ltr'>a</span> <span class='ocrx_word' id='word_1_323' title='bbox 851 2630 957 2671; x_wconf 86' lang='lat' dir='ltr'>patre</span> <span class='ocrx_word' id='word_1_324' title='bbox 982 2635 1062 2660; x_wconf 85' lang='lat' dir='ltr'>suo.</span> 
     </span>
    </p>
   </div>
   <div class='ocr_carea' id='block_1_5' title="bbox 193 2729 1694 2915">
    <p class='ocr_par' dir='ltr' id='par_1_13' title="bbox 193 2729 1694 2915">
     <span class='ocr_line' id='line_1_39' title="bbox 291 2729 1694 2773; baseline -0.001 -10"><span class='ocrx_word' id='word_1_325' title='bbox 291 2732 322 2770; x_wconf 86' lang='lat'>1)</span> <span class='ocrx_word' id='word_1_326' title='bbox 350 2732 426 2763; x_wconf 83' lang='lat' dir='ltr'>Sch.</span> <span class='ocrx_word' id='word_1_327' title='bbox 453 2732 629 2773; x_wconf 73' lang='lat' dir='ltr'>voluptati,</span> <span class='ocrx_word' id='word_1_328' title='bbox 656 2733 758 2771; x_wconf 85' lang='lat' dir='ltr'>Vulg.</span> <span class='ocrx_word' id='word_1_329' title='bbox 784 2731 1025 2763; x_wconf 80' lang='lat' dir='ltr'>voluntati.</span> <span class='ocrx_word' id='word_1_330' title='bbox 1043 2749 1085 2753; x_wconf 82' lang='lat'>—-</span> <span class='ocrx_word' id='word_1_331' title='bbox 1116 2731 1149 2770; x_wconf 85' lang='lat'>2)</span> <span class='ocrx_word' id='word_1_332' title='bbox 1179 2731 1279 2769; x_wconf 81' lang='lat' dir='ltr'>Vulg.</span> <span class='ocrx_word' id='word_1_333' title='bbox 1306 2730 1369 2760; x_wconf 87' lang='lat' dir='ltr'>Die</span> <span class='ocrx_word' id='word_1_334' title='bbox 1386 2729 1611 2770; x_wconf 75' lang='lat' dir='ltr'>Brachylogie</span> <span class='ocrx_word' id='word_1_335' title='bbox 1637 2731 1694 2761; x_wconf 88' lang='lat' dir='ltr'>des</span> 
     </span>
     <span class='ocr_line' id='line_1_40' title="bbox 194 2776 1693 2818; baseline 0 -10"><span class='ocrx_word' id='word_1_336' title='bbox 194 2779 389 2809; x_wconf 73' lang='lat' dir='ltr'>Ausdrucks</span> <span class='ocrx_word' id='word_1_337' title='bbox 422 2780 463 2810; x_wconf 77' lang='lat' dir='ltr'>ist</span> <span class='ocrx_word' id='word_1_338' title='bbox 499 2780 741 2818; x_wconf 58' lang='lat' dir='ltr'>verstandlieh,</span> <span class='ocrx_word' id='word_1_339' title='bbox 777 2781 882 2810; x_wconf 80' lang='lat' dir='ltr'>daher</span> <span class='ocrx_word' id='word_1_340' title='bbox 916 2780 982 2810; x_wconf 84' lang='lat' dir='ltr'>alle</span> <span class='ocrx_word' id='word_1_341' title='bbox 1018 2779 1173 2809; x_wconf 83' lang='lat' dir='ltr'>weiteren</span> <span class='ocrx_word' id='word_1_342' title='bbox 1199 2778 1336 2808; x_wconf 69' lang='lat' dir='ltr'>Zus&#39;titze</span> <span class='ocrx_word' id='word_1_343' title='bbox 1369 2776 1526 2815; x_wconf 65' lang='lat' dir='ltr'>unnotig:</span> <span class='ocrx_word' id='word_1_344' title='bbox 1566 2777 1605 2807; x_wconf 91' lang='lat' dir='ltr'>B.</span> <span class='ocrx_word' id='word_1_345' title='bbox 1633 2787 1693 2817; x_wconf 88' lang='lat' dir='ltr'>pro</span> 
     </span>
     <span class='ocr_line' id='line_1_41' title="bbox 193 2824 1693 2867; baseline 0 -12"><span class='ocrx_word' id='word_1_346' title='bbox 193 2836 301 2865; x_wconf 80' lang='lat' dir='ltr'>poena</span> <span class='ocrx_word' id='word_1_347' title='bbox 329 2828 407 2857; x_wconf 77' lang='lat' dir='ltr'>data</span> <span class='ocrx_word' id='word_1_348' title='bbox 434 2838 522 2863; x_wconf 80' lang='lat' dir='ltr'>csse,</span> <span class='ocrx_word' id='word_1_349' title='bbox 555 2828 592 2858; x_wconf 86' lang='lat' dir='ltr'>E.</span> <span class='ocrx_word' id='word_1_350' title='bbox 620 2838 650 2867; x_wconf 89' lang='lat' dir='ltr'>p.</span> <span class='ocrx_word' id='word_1_351' title='bbox 681 2830 722 2858; x_wconf 78' lang='lat'>20</span> <span class='ocrx_word' id='word_1_352' title='bbox 757 2827 824 2857; x_wconf 80' lang='lat' dir='ltr'>will</span> <span class='ocrx_word' id='word_1_353' title='bbox 857 2837 912 2857; x_wconf 86' lang='lat' dir='ltr'>rus</span> <span class='ocrx_word' id='word_1_354' title='bbox 937 2827 1075 2857; x_wconf 83' lang='lat' dir='ltr'>missum</span> <span class='ocrx_word' id='word_1_355' title='bbox 1102 2825 1242 2856; x_wconf 84' lang='lat' dir='ltr'>Erucius</span> <span class='ocrx_word' id='word_1_356' title='bbox 1268 2826 1347 2855; x_wconf 87' lang='lat' dir='ltr'>oder</span> <span class='ocrx_word' id='word_1_357' title='bbox 1371 2824 1439 2854; x_wconf 88' lang='lat' dir='ltr'>ruri</span> <span class='ocrx_word' id='word_1_358' title='bbox 1465 2825 1581 2854; x_wconf 85' lang='lat' dir='ltr'>(latum</span> <span class='ocrx_word' id='word_1_359' title='bbox 1607 2824 1693 2855; x_wconf 89' lang='lat' dir='ltr'>Eru-</span> 
     </span>
     <span class='ocr_line' id='line_1_42' title="bbox 194 2871 1691 2915; baseline 0 -12"><span class='ocrx_word' id='word_1_360' title='bbox 194 2872 263 2903; x_wconf 86' lang='lat' dir='ltr'>cius</span> <span class='ocrx_word' id='word_1_361' title='bbox 290 2874 444 2912; x_wconf 75' lang='lat' dir='ltr'>ant&#39;iigcn.</span> <span class='ocrx_word' id='word_1_362' title='bbox 479 2874 615 2906; x_wconf 84' lang='lat' dir='ltr'>Orellis:</span> <span class='ocrx_word' id='word_1_363' title='bbox 642 2874 721 2915; x_wconf 81' lang='lat' dir='ltr'>quia</span> <span class='ocrx_word' id='word_1_364' title='bbox 747 2874 877 2906; x_wconf 84' lang='lat' dir='ltr'>dicebat</span> <span class='ocrx_word' id='word_1_365' title='bbox 902 2884 962 2914; x_wconf 89' lang='lat' dir='ltr'>pro</span> <span class='ocrx_word' id='word_1_366' title='bbox 989 2884 1098 2914; x_wconf 81' lang='lat' dir='ltr'>poena</span> <span class='ocrx_word' id='word_1_367' title='bbox 1124 2874 1231 2904; x_wconf 79' lang='lat' dir='ltr'>duos</span> <span class='ocrx_word' id='word_1_368' title='bbox 1256 2872 1298 2904; x_wconf 82' lang='lat' dir='ltr'>ist</span> <span class='ocrx_word' id='word_1_369' title='bbox 1322 2872 1385 2903; x_wconf 82' lang='lat' dir='ltr'>mjr</span> <span class='ocrx_word' id='word_1_370' title='bbox 1409 2871 1691 2903; x_wconf 73' lang='lat' dir='ltr'>unverstiindlich.</span> 
     </span>
    </p>
   </div>
  </div>
 </body>
</html>
