1945 3073
79 2261 104 2311 ξ
130 2262 194 2298 35.

221 98 302 141 ‘206
783 100 931 144 Rapite!
957 101 1044 136 xm
1070 104 1089 142 ς
1117 102 1173 137 35.

223 226 270 250 zu
299 212 360 251 Pl.
393 212 537 253 Pseud.
569 214 661 252 340.
721 213 793 251 Boi
823 213 960 251 Cicero
1008 213 1130 252 findet
1165 215 1248 252 sich
1279 228 1321 252 so
1360 228 1419 253 ne
1448 215 1568 253 ofters
1597 215 1637 252 in
1666 214 1753 253 rhe-

221 278 418 316 torischen
436 280 606 329 Fragen,
640 279 721 330 vgl.
744 280 769 330 ξ
793 281 870 318 123
900 280 1005 318 itane
1035 276 1121 317 est‘?
1153 279 1305 318 Cati1.1
1340 282 1365 331 ξ
1387 282 1411 318 8
1442 280 1753 319 sensistine?

224 344 304 381 bes.
336 344 502 382 stehend
532 345 571 382 in
604 345 680 383 den
711 345 896 383 Formeln
925 345 1160 394 videsne,
1206 346 1460 385 videtisne
1498 347 1577 384 und
1609 347 1752 386 vide-

222 424 412 458 musne,
444 424 475 448 s.
507 425 540 451 z.
573 412 597 461 ξ
628 413 692 450 66.
714 435 766 439 -——
796 411 873 461 hoc]
908 412 1015 462 „Der
1044 412 1299 461 vorliegende
1321 412 1450 450 Faw‘.
1471 436 1522 440 —
1555 412 1635 467 quid
1663 411 1750 467 ἰῐῆῗ]

222 477 346 525 Figur
384 476 452 514 der
490 478 851 525 ratiocinatio,
890 491 919 516 s.
957 476 1107 514 Cornif.
1147 478 1202 514 IV
1247 479 1272 527 ξ
1314 479 1364 516 23
1407 480 1752 527 ,ratiocinatio

221 551 300 592 est,
346 557 416 593 per
453 556 569 593 quam
609 545 683 594 ipsi
721 557 744 580 a
782 544 896 581 nobis
934 544 1126 580 rationem
1163 545 1379 594 poscimus,
1426 558 1548 595 quare
1579 544 1754 596 quidque

222 607 415 656 dicamus,
461 614 499 646 et
535 608 670 646 crebro
710 616 861 647 nosmet
900 623 923 646 a
959 609 1073 646 nobis
1103 610 1269 659 petimus
1301 611 1416 646 unius
1447 612 1636 662 cuiusque
1664 625 1754 662 pro-

219 675 424 724 positionis
465 674 795 725 explanationem.
855 675 915 712 Ea
954 682 1011 712 est
1048 674 1292 712 huiusmodi:
1326 703 1334 712 .
1365 704 1373 712 .
1407 704 1415 712 .
1447 676 1547 714 bene
1587 677 1754 715 maiores

221 741 342 777 nostri
373 740 446 777 hoe
477 747 818 792 comparaverunt,
849 748 891 778 ut
920 742 1114 778 neminem
1148 754 1302 792 regem,
1335 755 1449 792 quem
1481 743 1598 779 armis
1631 743 1754 793 cepis—

219 813 317 853 sent,
347 807 427 843 vita
455 808 668 857 privarent.
703 805 834 856 Quid
865 805 966 844 ita'?
997 806 1124 857 Quia
1155 821 1272 858 quam
1301 807 1415 845 nobis
1444 807 1602 845 fortuna
1632 808 1755 847 facul-

218 878 336 909 tatem
368 872 561 921 dedisset,
593 872 769 924 iniquum
802 880 884 911 erat
914 874 954 910 in
984 886 1117 910 eorum
1149 873 1342 924 supplicio
1375 887 1626 924 consumere,
1656 888 1755 926 quos

220 938 358 976 eadem
388 939 548 976 fortuna
575 938 709 990 paullo
756 946 846 977 ante
884 940 923 976 in
961 940 1202 990 amplissimo
1240 946 1342 976 statu
1381 939 1617 978 collocarat‘.
1678 941 1755 979 Die

218 1005 366 1054 griech.
396 1005 597 1043 Rhetoren
634 1019 789 1044 neuneu
821 1006 928 1044 diese
958 1007 1082 1056 Figur
1117 1002 1345 1058 ἀπόφασις
1385 1006 1480 1044 oder
1511 1003 1755 1058 αἰτιολογία

219 1071 297 1108 und
323 1070 472 1109 Cornif.
504 1079 593 1121 sagt
623 1086 684 1109 am
715 1086 749 1109 a.
775 1072 823 1111 Ο,
854 1086 931 1109 von
963 1071 1045 1109 ihr:
1077 1072 1187 1119 ‚haec
1218 1073 1422 1110 exornatio
1454 1072 1503 1109 ad
1536 1086 1754 1111 sermonem

218 1137 471 1175 vehementer
500 1138 795 1176 accommodata
824 1145 881 1176 est
911 1144 948 1175 et
968 1138 1140 1175 animum
1172 1138 1363 1175 auditoris
1393 1139 1536 1176 retinet
1565 1144 1756 1177 attentum

219 1217 305 1241 cum
336 1210 543 1242 venustate
573 1206 776 1252 sermonis,
807 1211 887 1242 tum
917 1205 1112 1241 rationum
1145 1206 1464 1254 exspectatione‘.
1507 1203 1597 1255 Vgl.
1629 1205 1755 1242 Volk-

219 1283 357 1320 mann,
388 1270 503 1310 Rhet.
535 1285 572 1321 p.
604 1272 704 1320 419,
738 1270 909 1321 Seyffert
935 1270 1054 1308 schol.
1089 1270 1173 1308 Lat.
1207 1271 1222 1306 I
1255 1271 1279 1320 ξ
1311 1274 1376 1309 46.
1411 1292 1460 1298 —-
1508 1270 1550 1312 de
1579 1268 1752 1325 manibus]

218 1336 298 1386 vgl.
322 1336 347 1386 ξ
370 1339 446 1375 149
479 1337 537 1374 de
567 1337 798 1374 manibus
829 1344 1018 1388 erepta.
1049 1360 1095 1364 —
1127 1336 1207 1391 quia
1231 1349 1268 1378 se
1293 1336 1402 1378 occidi
1430 1350 1556 1391 passus
1585 1350 1655 1378 non
1685 1338 1752 1388 est]

217 1403 432 1454 entspricht
463 1403 550 1441 dem
582 1403 701 1454 ,quod
725 1418 802 1441 non
822 1403 943 1441 telum
968 1417 1130 1454 corpore
1149 1405 1375 1455 recepisset‘
1406 1406 1446 1441 in
1466 1404 1554 1442 dem
1574 1418 1650 1442 von
1671 1403 1753 1443 Cic.

217 1469 478 1518 angefiihrten
498 1469 684 1520 Beispiel.
709 1492 764 1496 —
792 1469 849 1524 qui
872 1469 968 1510 locus
997 1470 1174 1522 ingenium
1203 1470 1344 1524 patroni
1372 1470 1518 1525 requirit
1549 1467 1637 1524 em]
1671 1470 1753 1520 vgl.

216 1535 354 1572 Rabir.
386 1536 412 1586 ξ
438 1537 461 1574 9
494 1536 675 1583 crimina,
709 1549 810 1587 quae
840 1538 1044 1586 patroni
1076 1536 1408 1586 diligentiam
1441 1536 1753 1584 desiderant3

216 1601 288 1638 wie
320 1615 354 1638 a.
386 1615 424 1638 u.
456 1601 512 1639 St.
544 1615 719 1652 magno
752 1616 906 1653 opere
935 1604 1005 1641 mit
1035 1602 1322 1641 desiderare
1353 1602 1584 1640 verbunden
1615 1604 1676 1654 ist,
1709 1616 1752 1640 so

215 1667 329 1706 Verr.
361 1681 383 1704 a
412 1681 470 1717 pr.
503 1667 528 1717 ξ
557 1670 610 1705 44
640 1667 720 1704 und
751 1668 803 1705 ib.
836 1669 891 1707 IV
921 1669 946 1719 ξ
979 1670 1028 1708 17
1059 1675 1202 1707 tanto
1235 1683 1399 1720 opere.
1434 1691 1480 1696 —
1523 1668 1754 1722 explicemus-

216 1731 425 1788 expositam]
471 1747 501 1771 s.
544 1748 576 1782 z.
617 1734 642 1783 ξ
681 1735 732 1772 32
777 1735 1324 1785 iugulastis-occisum.
1372 1759 1424 1764 —
1487 1736 1538 1775 ita
1574 1731 1750 1788 facillime]

216 1799 351 1837 Ueber
395 1799 469 1836 den
511 1799 756 1850 Uebergang
797 1814 865 1838 zur
908 1803 1286 1851 argumentatio
1327 1815 1356 1841 s,
1398 1802 1462 1839 die
1498 1802 1754 1851 Bemerkung

217 1878 278 1901 am
309 1865 471 1915 Anfang
510 1866 578 1903 des
609 1866 683 1904 XI.
712 1866 908 1917 Kapitels.
937 1890 990 1896 —
1021 1868 1198 1908 contineat
1229 1897 1236 1905 .
1269 1897 1278 1906 .
1310 1901 1317 1907 .
1351 1869 1512 1922 oporteat
1544 1899 1552 1907 .
1586 1897 1593 1905 .
1629 1897 1637 1905 .
1668 1880 1753 1908 con-

216 1929 345 1985 veniat]
384 1927 732 1983 ίΟμ,οιοτεὲλευτοι.
776 1955 830 1960 -
881 1932 1070 1988 contineat]
1119 1934 1200 1985 vgl.
1240 1935 1264 1985 ξ
1305 1936 1328 1972 5
1370 1936 1475 1972 eius
1515 1935 1590 1972 rei
1627 1948 1756 1986 quae

219 1998 467 2035 conflavit
504 1998 593 2036 hoc
637 1999 907 2050 iudicium,
962 2000 1045 2038 also
1096 2000 1186 2052 „die
1226 2001 1524 2050 Veranlassung
1565 2014 1635 2037 zur
1671 2001 1752 2037 An-

218 2064 376 2114 klage“.
408 2087 460 2092 —
490 2061 602 2119 sequi]
638 2079 668 2104 s,
699 2080 731 2105 z.
765 2066 789 2116 ξ
819 2067 843 2104 8
874 2066 954 2103 und
987 2067 1178 2117 Nagelsb.
1211 2067 1298 2105 Stil.
1329 2081 1368 2118 p.
1400 2067 1480 2107 350
1511 2067 1550 2106 ff.

804 2186 1014 2237 Kapitel
1044 2186 1164 2225 XIII.

323 2261 407 2302 Tres
437 2264 519 2302 sunt
546 2260 623 2315 res]
667 2263 742 2300 Die
772 2276 857 2313 sog.
889 2263 1126 2302 Partitio.
1186 2264 1286 2302 Eine
1317 2264 1555 2314 eigentliche
1587 2263 1752 2301 Partitio

217 2327 302 2378 gibt
332 2318 412 2366 Ci'e.
443 2341 517 2364 nur
547 2328 586 2365 in
619 2328 694 2365 den
723 2328 861 2366 Reden
892 2344 929 2380 p.
956 2329 1129 2380 Quinot„
1161 2345 1196 2380 p.
1222 2330 1338 2369 Rosc.
1371 2331 1474 2379 Am„
1504 2330 1544 2367 in
1560 2330 1674 2369 Verr.
1699 2330 1752 2378 11,

216 2393 264 2431 de
295 2394 388 2444 imp.
421 2393 493 2431 Cu.
525 2393 676 2444 Pomp,
707 2408 745 2444 p.
776 2394 977 2444 Cluentio,
1015 2410 1086 2446 pro
1116 2396 1218 2433 Mur.
1258 2396 1337 2433 und
1370 2397 1408 2432 in
1441 2396 1510 2433 der
1540 2398 1576 2434 7.
1608 2395 1752 2446 philip-

214 2460 389 2511 pischen.
447 2461 519 2509 ,lm
550 2473 703 2510 ganzen
734 2461 847 2498 weiss
878 2461 960 2501 Cic.
1000 2462 1063 2500 die
1096 2462 1251 2512 Spuren
1281 2461 1349 2499 des
1381 2461 1592 2510 eigentlich
1624 2461 1751 2499 Tech-

212 2525 373 2564 nisehen
420 2525 624 2576 geschiekt
668 2528 707 2563 in
751 2527 820 2565 der
863 2527 1116 2564 Kontinuitat
1161 2527 1230 2564 der
1267 2527 1528 2577 Darstellung
1572 2541 1620 2564 zu
1665 2541 1751 2565 ver-

213 2591 409 2632 wisehen‘.
451 2592 749 2641 YVestermann,
772 2591 916 2631 Gesch.
949 2592 986 2629 d.
1020 2598 1115 2632 rom.
1146 2592 1446 2631 Beredsamkeit
1474 2593 1514 2631 S.
1538 2594 1628 2632 176.
1675 2594 1753 2631 Die

216 2657 314 2694 Zahl
345 2657 414 2695 der
444 2657 557 2695 Teile
587 2657 730 2708 betrug
759 2657 1026 2708 gewohnlieh‚
1067 2659 1140 2697 wie
1168 2659 1269 2696 auch
1307 2658 1545 2709 heutzutage
1575 2659 1658 2697 bes.
1688 2658 1752 2697 bei

215 2724 517 2775 Kanzelreden,
563 2724 666 2772 drei‚
710 2725 791 2775 vgl.
831 2724 980 2763 Cornif.
1020 2725 1036 2761 l
1079 2725 1104 2775 ξ
1143 2727 1192 2764 17
1241 2725 1549 2776 ‚enumeratione
1587 2730 1753 2771 utemur,

215 2803 334 2840 quum
365 2789 538 2827 dicemus
568 2804 753 2839 numero,
791 2798 887 2842 quot
925 2791 973 2829 de
1002 2791 1119 2829 rebus
1152 2791 1293 2829 dicturi
1332 2804 1476 2828 sumus.
1535 2790 1634 2827 Eam
1663 2790 1753 2841 plus
1814 2830 1818 2832 ,

216 2869 331 2906 quam
363 2856 513 2893 trium
544 2857 714 2907 partium
745 2870 907 2895 numero
939 2871 1024 2896 esse
1055 2871 1131 2895 non
1163 2860 1343 2909 oportet‘.
1396 2857 1488 2909 Vgl.
1521 2872 1558 2908 p.
1592 2856 1751 2908 Quinct.
