1820 3068
195 111 247 153 24
622 110 694 145 Pro
721 110 804 145 Sex.
831 110 969 146 Roscio
997 122 1027 145 0.
1053 112 1075 146 4
1102 114 1120 151 ἓ
1148 110 1275 145 8-10.

197 223 248 264 ob
284 236 369 263 rem
399 222 617 263 videantur
655 222 715 263 illi
752 235 833 263 non
879 222 981 263 nihil
1012 226 1150 262 tamen
1189 219 1232 261 in
1264 220 1492 263 deferendo
1523 221 1690 263 nomine

196 289 339 338 secuti,
370 293 591 342 postremo,
622 289 655 330 si
674 293 840 342 praeter
857 301 948 329 eam
967 287 1182 341 praedam,
1208 300 1331 340 quam
1350 287 1449 340 dixi,
1468 288 1690 342 quicquam

197 355 309 395 aliud
326 367 478 396 causae
494 355 747 405 inveneritis,
764 368 845 395 non
860 366 1112 406 recusamus,
1126 354 1223 408 quin
1241 354 1405 396 illorum
1418 354 1580 395 libidini
1593 354 1690 397 Sex,

195 422 334 463 Roscii
364 421 451 462 vita
481 421 667 463 dedatur.
706 422 779 463 Sin
811 419 923 461 aliud
957 420 1094 473 agitur
1123 420 1239 472 nihil,
1271 421 1350 461 nisi
1380 425 1422 462 ut
1451 421 1501 461 iis
1523 434 1574 462 ne
1593 420 1692 475 quid

196 488 317 538 desit,
350 488 497 540 quibus
519 489 621 529 satis
639 488 741 528 nihil
758 491 832 538 est,
864 487 899 527 si
916 487 995 528 hoe
1011 487 1144 528 solum
1162 487 1241 529 hoc
1257 491 1444 541 tempore
1468 491 1691 541 pugnatur,

196 560 240 596 ut
270 554 323 595 ad
356 555 470 596 illam
510 555 691 608 opimam
730 553 1075 607 praeclaramque
1111 553 1310 607 praedam
1348 554 1562 595 damnatio
1592 553 1690 595 Sex.

195 620 335 663 Roscii
366 622 477 662 velut
507 622 691 662 cumulus
722 619 917 661 accedat:
948 613 1085 660 nonne
1116 633 1207 661 cum
1237 621 1367 661 multa
1389 620 1576 674 indigna,
1606 624 1692 661 tum

195 689 262 729 vel
292 688 371 728 hoc
400 687 735 740 indignissimum
760 690 843 738 est,
876 698 950 726 vos
980 686 1154 727 idoneos
1188 686 1375 739 habitos,
1415 699 1489 740 per
1519 699 1692 740 quorum

197 754 424 795 sententias
463 754 609 806 iusque
639 753 859 794 iurandum
901 752 943 792 id
974 752 1270 805 adsequantur,
1318 752 1428 805 quod
1458 756 1583 794 antea
1611 752 1692 807 ipsi

197 821 354 862 scelere
395 824 435 861 et
473 820 580 861 ferro
627 819 802 872 adsequi
849 819 1182 860 consueverant?
1241 819 1319 869 Qui
1361 832 1412 860 ex
1454 819 1620 860 civitate
1650 819 1693 860 in

197 891 385 928 senatum
417 891 587 940 propter
618 886 888 939 dignitatem,
929 899 981 927 ex
1011 890 1158 927 senatu
1189 885 1230 926 in
1261 885 1340 926 hoc
1371 885 1589 926 consilium
1624 884 1691 926 de-

199 954 293 995 lecti
328 953 427 994 estis
459 956 629 1006 propter
658 953 937 1006 severitatem,
969 953 1023 994 ab
1054 952 1119 993 his
1150 953 1229 994 hoc
1259 953 1472 1006 postulare
1504 951 1694 993 homines

197 1020 372 1061 sicarios
404 1026 527 1072 atque
558 1018 831 1072 gladiatores,
863 1033 945 1061 non
978 1019 1102 1060 modo
1125 1023 1167 1060 ut
1187 1019 1395 1074 supplicia
1413 1019 1555 1071 vitent,
1586 1032 1694 1073 quae

197 1100 222 1128 a
251 1086 370 1127 vobis
412 1100 487 1141 pro
531 1086 747 1127 maleficiis
794 1085 880 1127 suis
925 1090 1108 1127 metuere
1146 1090 1270 1139 atque
1315 1086 1483 1127 horrere
1528 1085 1694 1135 debent,

196 1167 336 1195 verum
369 1153 493 1193 etiam
512 1157 555 1193 ut
572 1153 717 1206 spoliis
736 1166 787 1194 ex
808 1153 888 1194 hoc
906 1152 1059 1193 iudicio
1078 1153 1211 1204 ornati
1234 1153 1427 1206 auctique
1447 1152 1694 1194 discedant?

166 1226 181 1249 ⁹
304 1219 373 1260 IV.
433 1219 509 1260 His
554 1219 605 1261 de
645 1220 769 1261 rebus
807 1219 934 1261 tantis
971 1223 1138 1272 tamque
1183 1219 1394 1261 atrocibus
1425 1233 1559 1272 neque
1591 1220 1694 1261 satis

194 1299 259 1327 me
291 1285 505 1327 commode
537 1285 676 1327 dicere
707 1299 841 1338 neque
874 1286 976 1327 satis
1007 1285 1193 1339 graviter
1217 1286 1412 1339 conqueri
1436 1299 1568 1339 neque
1593 1286 1695 1327 satis

195 1353 325 1394 libere
356 1352 578 1393 vociferari
609 1365 734 1406 posse
766 1353 978 1406 intellego.
1016 1353 1123 1393 Nam
1154 1353 1437 1394 commoditati
1468 1352 1695 1406 ingenium,

196 1419 393 1473 gravitati
440 1424 580 1472 aetas,
626 1419 809 1460 libertati
851 1423 1043 1473 tempora
1089 1424 1183 1460 sunt
1228 1419 1539 1474 impedimento.
1605 1420 1696 1462 Huc

195 1486 358 1527 accedit
401 1498 584 1527 summus
621 1485 765 1537 timor,
812 1499 934 1538 quem
976 1485 1077 1526 mihi
1122 1490 1272 1526 natura
1317 1486 1533 1540 pudorque
1578 1499 1695 1528 meus

196 1553 404 1605 attribuit,
450 1556 489 1593 et
535 1556 675 1593 vestra
719 1551 903 1606 dignitas
953 1557 993 1594 et
1039 1552 1103 1593 vis
1146 1552 1481 1595 adversariorum
1528 1558 1568 1595 et
1598 1553 1695 1595 Sex,

197 1619 335 1661 Roscii
366 1619 564 1673 pericula.
626 1618 891 1673 Quapropter
920 1632 994 1661 vos
1026 1631 1098 1660 oro
1131 1623 1253 1672 atque
1286 1620 1480 1672 obsecro,
1522 1620 1695 1673 iudices,

151 1695 184 1720 10
199 1691 241 1728 ut
272 1690 426 1727 attente
458 1686 649 1739 bonaque
681 1699 771 1727 cum
803 1685 929 1727 venia
959 1686 1089 1727 verba
1119 1699 1212 1728 mea
1243 1686 1438 1728 audiatis.
1498 1686 1600 1728 Fide
1631 1699 1696 1728 sa-

295 1816 437 1850 Testim.
463 1819 529 1850 vet.

293 1875 413 1909 Sclzol.
445 1874 508 1909 Gr.

292 1935 337 1969 In
377 1933 428 1968 de
444 1932 657 1978 ferendo]
694 1933 735 1967 In
771 1931 999 1975 accusando,
1039 1932 1210 1976 quoniam
1243 1943 1374 1968 nomen
1407 1931 1455 1966 ad
1490 1935 1697 1976 praetorem

199 1992 341 2028 detulit.

295 2055 313 2094 ξ
341 2053 372 2087 S.
403 2051 483 2093 Qui
510 2062 563 2086 ex
590 2050 807 2095 civitate]
843 2051 986 2095 Laus2)
1019 2049 1199 2092 iudicum,
1239 2053 1279 2084 ut
1313 2049 1613 2085 benevolentiam
1640 2059 1700 2085 ca-

200 2111 289 2153 piat.
322 2110 509 2153 Novimus,
538 2110 672 2154 (1111113)
703 2119 724 2143 a
744 2109 844 2143 Sulla
870 2113 1023 2144 senatus
1051 2109 1193 2144 electus
1220 2108 1353 2151 fuerat,
1382 2113 1422 2144 ut
1448 2109 1561 2144 iudex
1587 2113 1699 2145 esset.

199 2169 255 2203 De
283 2169 433 2204 civitate
459 2179 548 2213 ergo
575 2165 617 2203 fit
644 2172 808 2211 senatus,
837 2167 883 2203 de
910 2172 1043 2203 senatu
1067 2168 1220 2203 iudices.

296 2228 387 2271 Kap.
414 2228 462 2263 IV
491 2231 508 2269 ξ
536 2230 568 2263 9.
621 2227 726 2262 Nam
753 2227 1091 2271 commoditati]
1130 2226 1394 2261 Proantidosis.
1444 2225 1578 2261 Tribus
1605 2226 1699 2261 enim

201 2285 452 2330 superioribus
478 2286 630 2322 totidem
657 2286 753 2321 infra
778 2286 912 2320 retulit.
948 2285 1190 2320 Commode
1215 2290 1334 2320 autem
1362 2285 1483 2320 dicere
1509 2295 1605 2320 nunc
1630 2284 1701 2320 1100

202 2341 406 2389 significat:
434 2346 672 2388 pertinenter,
698 2345 846 2388 utiliter,
872 2348 1012 2379 ornate.

297 2403 498 2438 Summus
526 2405 678 2449 timor]
708 2403 888 2446 Ostendit,
919 2406 1078 2448 quantus
1096 2403 1130 2446 ¹)
1161 2402 1209 2436 sit
1234 2402 1353 2436 timor.

297 2463 462 2507 Pudor]
493 2474 640 2497 morum.

300 2522 456 2566 Venia]
499 2522 672 2565 Prompta
702 2520 951 2565 benignitate,
991 2519 1149 2560 auxilio,
1190 2522 1230 2553 ut
1262 2518 1439 2563 Virgilius
1455 2518 1513 2562 ²):
1553 2521 1703 2553 orantes

204 2587 359 2613 venlam.

303 2685 336 2724 2)
365 2685 404 2716 G.
431 2686 565 2716 laudeni
591 2685 768 2723 iudicium,
809 2685 864 2717 Gr.
892 2686 1026 2715 laudem
1052 2683 1214 2722 iudicum3
1255 2683 1328 2712 laus
1354 2682 1499 2712 iudicum
1533 2684 1619 2713 nach
1645 2684 1703 2713 der

206 2733 417 2770 Vei-mirtung
443 2732 510 2763 Gr.⁷
538 2733 613 2764 seh.
644 2733 699 2763 Or.
728 2734 765 2763 B.
811 2751 853 2754 —
907 2732 942 2773 3)
969 2731 1070 2772 quia
1107 2732 1193 2761 nach
1219 2729 1372 2760 novimus
1398 2735 1524 2760 anstatt
1550 2732 1607 2760 des
1632 2740 1700 2761 acc.

207 2790 233 2809 0.
261 2779 316 2809 inf.
350 2781 410 2809 wie
446 2781 462 2818 ς·
492 2784 550 2814 17ς
590 2782 629 2810 cf.
658 2780 748 2811 Serv.
788 2781 831 2810 ad
857 2780 956 2818 Verg.
984 2780 1069 2809 Aen.
1100 2781 1136 2815 1,
1166 2780 1229 2808 219
1258 2777 1324 2807 Th.
1360 2777 1553 2807 novimus
1579 2777 1699 2816 enim,

208 2827 315 2865 quod
343 2833 402 2856 etc.
433 2845 474 2848 —
529 2829 561 2866 1)
588 2828 689 2865 ang.
718 2833 892 2867 quantum.
920 2845 963 2848 —
1016 2826 1051 2867 2)
1079 2826 1164 2856 Aen.
1196 2827 1225 2863 1,
1254 2827 1331 2856 519.
