<?xml version="1.0" encoding="UTF-8"?>
<!DOCTYPE html PUBLIC "-//W3C//DTD XHTML 1.0 Transitional//EN"
    "http://www.w3.org/TR/xhtml1/DTD/xhtml1-transitional.dtd">
<html xmlns="http://www.w3.org/1999/xhtml" xml:lang="en" lang="en">
 <head>
  <title>
</title>
<meta http-equiv="Content-Type" content="text/html;charset=utf-8" />
  <meta name='ocr-system' content='tesseract 3.04.00' />
  <meta name='ocr-capabilities' content='ocr_page ocr_carea ocr_par ocr_line ocrx_word'/>
</head>
<body>
  <div class='ocr_page' id='page_1' title='image "./redefrsexrisci00ciceuoft_0047.png"; bbox 0 0 1820 3068; ppageno 0'>
   <div class='ocr_carea' id='block_1_1' title="bbox 553 176 1647 223">
    <p class='ocr_par' dir='ltr' id='par_1_1' title="bbox 553 176 1647 223">
     <span class='ocr_line' id='line_1_1' title="bbox 553 176 1647 223; baseline 0.007 -12"><span class='ocrx_word' id='word_1_1' title='bbox 553 176 624 211; x_wconf 89' lang='lat' dir='ltr'>Pro</span> <span class='ocrx_word' id='word_1_2' title='bbox 649 176 732 212; x_wconf 85' lang='lat' dir='ltr'>Sex.</span> <span class='ocrx_word' id='word_1_3' title='bbox 760 177 897 212; x_wconf 89' lang='lat' dir='ltr'>Roscio</span> <span class='ocrx_word' id='word_1_4' title='bbox 923 187 953 212; x_wconf 81' lang='lat' dir='ltr'>e.</span> <span class='ocrx_word' id='word_1_5' title='bbox 981 179 1023 214; x_wconf 82' lang='lat'>15</span> <span class='ocrx_word' id='word_1_6' title='bbox 1051 181 1069 220; x_wconf 69' lang='grc' dir='ltr'>ξ</span> <span class='ocrx_word' id='word_1_7' title='bbox 1097 180 1248 215; x_wconf 82' lang='grc'><strong>40-41.</strong></span> <span class='ocrx_word' id='word_1_8' title='bbox 1594 180 1647 223; x_wconf 78' lang='grc'>37</span> 
     </span>
    </p>
   </div>
   <div class='ocr_carea' id='block_1_2' title="bbox 139 287 1698 1541">
    <p class='ocr_par' dir='ltr' id='par_1_2' title="bbox 139 287 1698 1541">
     <span class='ocr_line' id='line_1_2' title="bbox 151 287 1647 342; baseline 0.002 -13"><span class='ocrx_word' id='word_1_9' title='bbox 151 287 338 329; x_wconf 89' lang='lat' dir='ltr'>centulus</span> <span class='ocrx_word' id='word_1_10' title='bbox 371 290 588 341; x_wconf 89' lang='lat' dir='ltr'>corruptus</span> <span class='ocrx_word' id='word_1_11' title='bbox 621 291 660 329; x_wconf 88' lang='lat' dir='ltr'>et</span> <span class='ocrx_word' id='word_1_12' title='bbox 689 288 742 329; x_wconf 94' lang='lat' dir='ltr'>ab</span> <span class='ocrx_word' id='word_1_13' title='bbox 773 287 1009 330; x_wconf 90' lang='lat' dir='ltr'>hominibus</span> <span class='ocrx_word' id='word_1_14' title='bbox 1040 303 1219 342; x_wconf 78' lang='lat' dir='ltr'>nequam</span> <span class='ocrx_word' id='word_1_15' title='bbox 1250 289 1475 331; x_wconf 77' lang='lat' dir='ltr'>inductus?</span> <span class='ocrx_word' id='word_1_16' title='bbox 1504 291 1647 332; x_wconf 89' lang='lat' dir='ltr'>Annos</span> 
     </span>
     <span class='ocr_line' id='line_1_3' title="bbox 150 352 1646 409; baseline 0.003 -15"><span class='ocrx_word' id='word_1_17' title='bbox 150 358 272 395; x_wconf 90' lang='lat' dir='ltr'>natus</span> <span class='ocrx_word' id='word_1_18' title='bbox 303 352 436 395; x_wconf 87' lang='lat' dir='ltr'>maior</span> <span class='ocrx_word' id='word_1_19' title='bbox 468 354 761 408; x_wconf 84' lang='lat' dir='ltr'>quadraginta.</span> <span class='ocrx_word' id='word_1_20' title='bbox 815 354 944 396; x_wconf 86' lang='lat' dir='ltr'>Vetus</span> <span class='ocrx_word' id='word_1_21' title='bbox 976 356 1171 398; x_wconf 88' lang='lat' dir='ltr'>videlicet</span> <span class='ocrx_word' id='word_1_22' title='bbox 1201 355 1390 409; x_wconf 89' lang='lat' dir='ltr'>sicarius,</span> <span class='ocrx_word' id='word_1_23' title='bbox 1422 357 1546 398; x_wconf 90' lang='lat' dir='ltr'>homo</span> <span class='ocrx_word' id='word_1_24' title='bbox 1577 371 1646 398; x_wconf 71' lang='lat' dir='ltr'>au=¹</span> 
     </span>
     <span class='ocr_line' id='line_1_4' title="bbox 150 419 1648 474; baseline 0.003 -14"><span class='ocrx_word' id='word_1_25' title='bbox 150 419 234 460; x_wconf 83' lang='lat' dir='ltr'>dax</span> <span class='ocrx_word' id='word_1_26' title='bbox 274 424 315 461; x_wconf 89' lang='lat' dir='ltr'>et</span> <span class='ocrx_word' id='word_1_27' title='bbox 351 433 480 474; x_wconf 81' lang='lat' dir='ltr'>saepe</span> <span class='ocrx_word' id='word_1_28' title='bbox 521 420 562 461; x_wconf 91' lang='lat' dir='ltr'>in</span> <span class='ocrx_word' id='word_1_29' title='bbox 604 421 733 463; x_wconf 86' lang='lat' dir='ltr'>caede</span> <span class='ocrx_word' id='word_1_30' title='bbox 771 423 992 464; x_wconf 74' lang='lat' dir='ltr'>versatus?</span> <span class='ocrx_word' id='word_1_31' title='bbox 1046 424 1100 463; x_wconf 89' lang='lat' dir='ltr'>At</span> <span class='ocrx_word' id='word_1_32' title='bbox 1129 422 1208 464; x_wconf 88' lang='lat' dir='ltr'>hoc</span> <span class='ocrx_word' id='word_1_33' title='bbox 1239 423 1292 463; x_wconf 90' lang='lat' dir='ltr'>ab</span> <span class='ocrx_word' id='word_1_34' title='bbox 1323 427 1567 465; x_wconf 76' lang='lat' dir='ltr'>accusatore</span> <span class='ocrx_word' id='word_1_35' title='bbox 1596 437 1648 465; x_wconf 90' lang='lat' dir='ltr'>ne</span> 
     </span>
     <span class='ocr_line' id='line_1_5' title="bbox 151 486 1649 542; baseline 0.003 -15"><span class='ocrx_word' id='word_1_36' title='bbox 151 486 231 527; x_wconf 91' lang='lat' dir='ltr'>dici</span> <span class='ocrx_word' id='word_1_37' title='bbox 273 486 439 539; x_wconf 90' lang='lat' dir='ltr'>quidem</span> <span class='ocrx_word' id='word_1_38' title='bbox 477 487 666 528; x_wconf 88' lang='lat' dir='ltr'>audistis.</span> <span class='ocrx_word' id='word_1_39' title='bbox 734 486 937 530; x_wconf 78' lang='lat' dir='ltr'>Luxuries</span> <span class='ocrx_word' id='word_1_40' title='bbox 976 488 1102 542; x_wconf 85' lang='lat' dir='ltr'>igitur</span> <span class='ocrx_word' id='word_1_41' title='bbox 1140 489 1349 530; x_wconf 90' lang='lat' dir='ltr'>hominem</span> <span class='ocrx_word' id='word_1_42' title='bbox 1386 490 1577 531; x_wconf 90' lang='lat' dir='ltr'>nimirum</span> <span class='ocrx_word' id='word_1_43' title='bbox 1610 494 1649 531; x_wconf 91' lang='lat' dir='ltr'>et</span> 
     </span>
     <span class='ocr_line' id='line_1_6' title="bbox 150 553 1649 608; baseline 0.003 -15"><span class='ocrx_word' id='word_1_44' title='bbox 150 553 260 594; x_wconf 90' lang='lat' dir='ltr'>aeris</span> <span class='ocrx_word' id='word_1_45' title='bbox 291 553 415 594; x_wconf 90' lang='lat' dir='ltr'>alieni</span> <span class='ocrx_word' id='word_1_46' title='bbox 448 554 693 607; x_wconf 83' lang='lat' dir='ltr'>magnitudo</span> <span class='ocrx_word' id='word_1_47' title='bbox 725 558 765 595; x_wconf 85' lang='lat' dir='ltr'>et</span> <span class='ocrx_word' id='word_1_48' title='bbox 794 554 1024 597; x_wconf 84' lang='lat' dir='ltr'>indomitae</span> <span class='ocrx_word' id='word_1_49' title='bbox 1056 555 1182 596; x_wconf 91' lang='lat' dir='ltr'>animi</span> <span class='ocrx_word' id='word_1_50' title='bbox 1214 556 1464 608; x_wconf 89' lang='lat' dir='ltr'>cupiditates</span> <span class='ocrx_word' id='word_1_51' title='bbox 1491 556 1544 596; x_wconf 87' lang='lat' dir='ltr'>ad</span> <span class='ocrx_word' id='word_1_52' title='bbox 1570 556 1649 597; x_wconf 90' lang='lat' dir='ltr'>hoc</span> 
     </span>
     <span class='ocr_line' id='line_1_7' title="bbox 149 619 1650 676; baseline 0.002 -16"><span class='ocrx_word' id='word_1_53' title='bbox 149 619 285 660; x_wconf 89' lang='lat' dir='ltr'>scelus</span> <span class='ocrx_word' id='word_1_54' title='bbox 328 619 611 674; x_wconf 85' lang='lat' dir='ltr'>impulerunt?</span> <span class='ocrx_word' id='word_1_55' title='bbox 662 620 725 661; x_wconf 90' lang='lat' dir='ltr'>De</span> <span class='ocrx_word' id='word_1_56' title='bbox 764 620 925 663; x_wconf 75' lang='lat' dir='ltr'>luxurie</span> <span class='ocrx_word' id='word_1_57' title='bbox 957 623 1155 676; x_wconf 85' lang='lat' dir='ltr'>purgavit</span> <span class='ocrx_word' id='word_1_58' title='bbox 1184 622 1380 674; x_wconf 76' lang='lat' dir='ltr'>Erucius,</span> <span class='ocrx_word' id='word_1_59' title='bbox 1421 635 1511 664; x_wconf 92' lang='lat' dir='ltr'>cum</span> <span class='ocrx_word' id='word_1_60' title='bbox 1545 622 1650 663; x_wconf 77' lang='lat' dir='ltr'>dixit</span> 
     </span>
     <span class='ocr_line' id='line_1_8' title="bbox 149 685 1648 739; baseline 0.002 -13"><span class='ocrx_word' id='word_1_61' title='bbox 149 685 258 727; x_wconf 91' lang='lat' dir='ltr'>hunc</span> <span class='ocrx_word' id='word_1_62' title='bbox 287 699 339 727; x_wconf 92' lang='lat' dir='ltr'>ne</span> <span class='ocrx_word' id='word_1_63' title='bbox 369 685 410 726; x_wconf 92' lang='lat' dir='ltr'>in</span> <span class='ocrx_word' id='word_1_64' title='bbox 444 686 636 728; x_wconf 88' lang='lat' dir='ltr'>convivio</span> <span class='ocrx_word' id='word_1_65' title='bbox 666 687 832 739; x_wconf 88' lang='lat' dir='ltr'>quidem</span> <span class='ocrx_word' id='word_1_66' title='bbox 859 689 943 730; x_wconf 93' lang='lat' dir='ltr'>ullo</span> <span class='ocrx_word' id='word_1_67' title='bbox 968 688 1053 730; x_wconf 89' lang='lat' dir='ltr'>fere</span> <span class='ocrx_word' id='word_1_68' title='bbox 1076 689 1326 731; x_wconf 84' lang='lat' dir='ltr'>interfuisse.</span> <span class='ocrx_word' id='word_1_69' title='bbox 1374 688 1488 730; x_wconf 87' lang='lat' dir='ltr'>Nihil</span> <span class='ocrx_word' id='word_1_70' title='bbox 1511 694 1648 730; x_wconf 88' lang='lat' dir='ltr'>autem</span> 
     </span>
     <span class='ocr_line' id='line_1_9' title="bbox 148 752 1648 810; baseline 0.002 -17"><span class='ocrx_word' id='word_1_71' title='bbox 148 765 330 805; x_wconf 88' lang='lat' dir='ltr'>unquam</span> <span class='ocrx_word' id='word_1_72' title='bbox 362 753 515 794; x_wconf 85' lang='lat' dir='ltr'>debuit.</span> <span class='ocrx_word' id='word_1_73' title='bbox 592 752 852 808; x_wconf 87' lang='lat' dir='ltr'>Cupiditates</span> <span class='ocrx_word' id='word_1_74' title='bbox 883 768 1008 808; x_wconf 83' lang='lat' dir='ltr'>porro</span> <span class='ocrx_word' id='word_1_75' title='bbox 1042 769 1149 808; x_wconf 87' lang='lat' dir='ltr'>quae</span> <span class='ocrx_word' id='word_1_76' title='bbox 1185 759 1360 810; x_wconf 84' lang='lat' dir='ltr'>possunt</span> <span class='ocrx_word' id='word_1_77' title='bbox 1390 768 1482 796; x_wconf 89' lang='lat' dir='ltr'>esse</span> <span class='ocrx_word' id='word_1_78' title='bbox 1513 755 1554 796; x_wconf 90' lang='lat' dir='ltr'>in</span> <span class='ocrx_word' id='word_1_79' title='bbox 1586 768 1648 808; x_wconf 87' lang='lat' dir='ltr'>eo,</span> 
     </span>
     <span class='ocr_line' id='line_1_10' title="bbox 148 818 1648 875; baseline 0.002 -16"><span class='ocrx_word' id='word_1_80' title='bbox 148 818 229 872; x_wconf 90' lang='lat' dir='ltr'>qui,</span> <span class='ocrx_word' id='word_1_81' title='bbox 259 823 304 860; x_wconf 88' lang='lat' dir='ltr'>ut</span> <span class='ocrx_word' id='word_1_82' title='bbox 333 819 425 872; x_wconf 89' lang='lat' dir='ltr'>ipse</span> <span class='ocrx_word' id='word_1_83' title='bbox 456 824 676 862; x_wconf 87' lang='lat' dir='ltr'>accusator</span> <span class='ocrx_word' id='word_1_84' title='bbox 706 821 872 873; x_wconf 88' lang='lat' dir='ltr'>obiecit,</span> <span class='ocrx_word' id='word_1_85' title='bbox 902 821 984 862; x_wconf 88' lang='lat' dir='ltr'>ruri</span> <span class='ocrx_word' id='word_1_86' title='bbox 1010 835 1175 875; x_wconf 81' lang='lat' dir='ltr'>semper</span> <span class='ocrx_word' id='word_1_87' title='bbox 1197 821 1397 863; x_wconf 85' lang='lat' dir='ltr'>habitarit</span> <span class='ocrx_word' id='word_1_88' title='bbox 1421 821 1522 862; x_wconf 87' lang='lat' dir='ltr'>etin</span> <span class='ocrx_word' id='word_1_89' title='bbox 1545 835 1648 875; x_wconf 87' lang='lat' dir='ltr'>agro</span> 
     </span>
     <span class='ocr_line' id='line_1_11' title="bbox 149 886 1650 942; baseline 0.001 -15"><span class='ocrx_word' id='word_1_90' title='bbox 149 886 324 927; x_wconf 91' lang='lat' dir='ltr'>colendo</span> <span class='ocrx_word' id='word_1_91' title='bbox 356 886 538 928; x_wconf 80' lang='lat' dir='ltr'>vixerit?</span> <span class='ocrx_word' id='word_1_92' title='bbox 584 900 691 939; x_wconf 92' lang='lat' dir='ltr'>quae</span> <span class='ocrx_word' id='word_1_93' title='bbox 721 886 808 927; x_wconf 85' lang='lat' dir='ltr'>vita</span> <span class='ocrx_word' id='word_1_94' title='bbox 838 887 1018 929; x_wconf 78' lang='lat' dir='ltr'>maxime</span> <span class='ocrx_word' id='word_1_95' title='bbox 1050 888 1258 930; x_wconf 89' lang='lat' dir='ltr'>disiuncta</span> <span class='ocrx_word' id='word_1_96' title='bbox 1297 902 1322 930; x_wconf 90' lang='lat' dir='ltr'>a</span> <span class='ocrx_word' id='word_1_97' title='bbox 1352 888 1578 942; x_wconf 89' lang='lat' dir='ltr'>cupiditate</span> <span class='ocrx_word' id='word_1_98' title='bbox 1610 893 1650 929; x_wconf 91' lang='lat' dir='ltr'>et</span> 
     </span>
     <span class='ocr_line' id='line_1_12' title="bbox 148 952 1698 1009; baseline 0.001 -15"><span class='ocrx_word' id='word_1_99' title='bbox 148 965 240 994; x_wconf 91' lang='lat' dir='ltr'>cum</span> <span class='ocrx_word' id='word_1_100' title='bbox 286 952 425 994; x_wconf 88' lang='lat' dir='ltr'>officio</span> <span class='ocrx_word' id='word_1_101' title='bbox 471 953 691 994; x_wconf 88' lang='lat' dir='ltr'>coniuncta</span> <span class='ocrx_word' id='word_1_102' title='bbox 731 957 807 994; x_wconf 90' lang='lat' dir='ltr'>est.</span> <span class='ocrx_word' id='word_1_103' title='bbox 882 954 998 1003; x_wconf 75' lang='lat' dir='ltr'>Qua-e</span> <span class='ocrx_word' id='word_1_104' title='bbox 1040 968 1106 996; x_wconf 90' lang='lat' dir='ltr'>res</span> <span class='ocrx_word' id='word_1_105' title='bbox 1149 956 1275 1009; x_wconf 87' lang='lat' dir='ltr'>igitur</span> <span class='ocrx_word' id='word_1_106' title='bbox 1321 958 1480 996; x_wconf 88' lang='lat' dir='ltr'>tantum</span> <span class='ocrx_word' id='word_1_107' title='bbox 1524 954 1698 995; x_wconf 76' lang='lat' dir='ltr'>istum4⁰</span> 
     </span>
     <span class='ocr_line' id='line_1_13' title="bbox 147 1018 1647 1075; baseline 0.004 -16"><span class='ocrx_word' id='word_1_108' title='bbox 147 1018 328 1060; x_wconf 88' lang='lat' dir='ltr'>furorem</span> <span class='ocrx_word' id='word_1_109' title='bbox 365 1019 462 1060; x_wconf 82' lang='lat' dir='ltr'>SeX.</span> <span class='ocrx_word' id='word_1_110' title='bbox 493 1019 645 1060; x_wconf 87' lang='lat' dir='ltr'>Roscio</span> <span class='ocrx_word' id='word_1_111' title='bbox 686 1019 874 1061; x_wconf 80' lang='lat' dir='ltr'>obiecit?</span> <span class='ocrx_word' id='word_1_112' title='bbox 932 1021 1075 1073; x_wconf 82' lang='lat' dir='ltr'>,Patri‘</span> <span class='ocrx_word' id='word_1_113' title='bbox 1114 1021 1246 1075; x_wconf 90' lang='lat' dir='ltr'>inquit</span> <span class='ocrx_word' id='word_1_114' title='bbox 1285 1035 1381 1074; x_wconf 88' lang='lat' dir='ltr'>,non</span> <span class='ocrx_word' id='word_1_115' title='bbox 1425 1021 1647 1075; x_wconf 69' lang='lat' dir='ltr'>placebat‘.</span> 
     </span>
     <span class='ocr_line' id='line_1_14' title="bbox 147 1085 1647 1140; baseline 0.002 -15"><span class='ocrx_word' id='word_1_116' title='bbox 147 1085 261 1126; x_wconf 88' lang='lat' dir='ltr'>Patri</span> <span class='ocrx_word' id='word_1_117' title='bbox 308 1098 389 1126; x_wconf 91' lang='lat' dir='ltr'>non</span> <span class='ocrx_word' id='word_1_118' title='bbox 434 1085 663 1140; x_wconf 78' lang='lat' dir='ltr'>placebat?</span> <span class='ocrx_word' id='word_1_119' title='bbox 707 1099 830 1139; x_wconf 89' lang='lat' dir='ltr'>quam</span> <span class='ocrx_word' id='word_1_120' title='bbox 875 1087 928 1128; x_wconf 92' lang='lat' dir='ltr'>ob</span> <span class='ocrx_word' id='word_1_121' title='bbox 970 1088 1174 1129; x_wconf 80' lang='lat' dir='ltr'>causam?</span> <span class='ocrx_word' id='word_1_122' title='bbox 1220 1101 1393 1130; x_wconf 86' lang='lat' dir='ltr'>necesse</span> <span class='ocrx_word' id='word_1_123' title='bbox 1434 1092 1496 1130; x_wconf 89' lang='lat' dir='ltr'>est</span> <span class='ocrx_word' id='word_1_124' title='bbox 1539 1087 1647 1129; x_wconf 89' lang='lat' dir='ltr'>enim</span> 
     </span>
     <span class='ocr_line' id='line_1_15' title="bbox 148 1152 1649 1208; baseline 0.002 -16"><span class='ocrx_word' id='word_1_125' title='bbox 148 1164 241 1192; x_wconf 89' lang='lat' dir='ltr'>eam</span> <span class='ocrx_word' id='word_1_126' title='bbox 265 1164 427 1204; x_wconf 89' lang='lat' dir='ltr'>quoque</span> <span class='ocrx_word' id='word_1_127' title='bbox 457 1152 608 1193; x_wconf 89' lang='lat' dir='ltr'>iustam</span> <span class='ocrx_word' id='word_1_128' title='bbox 640 1156 680 1193; x_wconf 88' lang='lat' dir='ltr'>et</span> <span class='ocrx_word' id='word_1_129' title='bbox 709 1166 905 1206; x_wconf 83' lang='lat' dir='ltr'>magnam</span> <span class='ocrx_word' id='word_1_130' title='bbox 933 1157 972 1195; x_wconf 90' lang='lat' dir='ltr'>et</span> <span class='ocrx_word' id='word_1_131' title='bbox 995 1155 1259 1208; x_wconf 76' lang='lat' dir='ltr'>perspicuam</span> <span class='ocrx_word' id='word_1_132' title='bbox 1290 1154 1434 1195; x_wconf 88' lang='lat' dir='ltr'>fuisse.</span> <span class='ocrx_word' id='word_1_133' title='bbox 1476 1154 1585 1195; x_wconf 88' lang='lat' dir='ltr'>Nam</span> <span class='ocrx_word' id='word_1_134' title='bbox 1607 1159 1649 1195; x_wconf 92' lang='lat' dir='ltr'>ut</span> 
     </span>
     <span class='ocr_line' id='line_1_16' title="bbox 146 1218 1647 1274; baseline 0.002 -15"><span class='ocrx_word' id='word_1_135' title='bbox 146 1218 249 1259; x_wconf 88' lang='lat' dir='ltr'>illud</span> <span class='ocrx_word' id='word_1_136' title='bbox 281 1218 526 1260; x_wconf 86' lang='lat' dir='ltr'>incredibile</span> <span class='ocrx_word' id='word_1_137' title='bbox 558 1223 639 1271; x_wconf 88' lang='lat' dir='ltr'>est,</span> <span class='ocrx_word' id='word_1_138' title='bbox 682 1224 855 1261; x_wconf 88' lang='lat' dir='ltr'>mortem</span> <span class='ocrx_word' id='word_1_139' title='bbox 895 1220 1078 1261; x_wconf 88' lang='lat' dir='ltr'>oblatam</span> <span class='ocrx_word' id='word_1_140' title='bbox 1119 1234 1210 1262; x_wconf 89' lang='lat' dir='ltr'>esse</span> <span class='ocrx_word' id='word_1_141' title='bbox 1249 1220 1357 1274; x_wconf 86' lang='lat' dir='ltr'>patri</span> <span class='ocrx_word' id='word_1_142' title='bbox 1388 1234 1414 1262; x_wconf 85' lang='lat' dir='ltr'>a</span> <span class='ocrx_word' id='word_1_143' title='bbox 1443 1220 1528 1261; x_wconf 91' lang='lat' dir='ltr'>filio</span> <span class='ocrx_word' id='word_1_144' title='bbox 1559 1220 1647 1262; x_wconf 90' lang='lat' dir='ltr'>sine</span> 
     </span>
     <span class='ocr_line' id='line_1_17' title="bbox 147 1284 1648 1339; baseline 0.001 -14"><span class='ocrx_word' id='word_1_145' title='bbox 147 1284 338 1339; x_wconf 89' lang='lat' dir='ltr'>plurimis</span> <span class='ocrx_word' id='word_1_146' title='bbox 369 1288 410 1325; x_wconf 89' lang='lat' dir='ltr'>et</span> <span class='ocrx_word' id='word_1_147' title='bbox 439 1285 633 1326; x_wconf 83' lang='lat' dir='ltr'>maximis</span> <span class='ocrx_word' id='word_1_148' title='bbox 665 1287 816 1337; x_wconf 85' lang='lat' dir='ltr'>causis,</span> <span class='ocrx_word' id='word_1_149' title='bbox 849 1285 909 1327; x_wconf 92' lang='lat' dir='ltr'>sic</span> <span class='ocrx_word' id='word_1_150' title='bbox 939 1286 1018 1327; x_wconf 91' lang='lat' dir='ltr'>hoc</span> <span class='ocrx_word' id='word_1_151' title='bbox 1049 1288 1135 1329; x_wconf 85' lang='lat' dir='ltr'>veri</span> <span class='ocrx_word' id='word_1_152' title='bbox 1166 1287 1301 1329; x_wconf 89' lang='lat' dir='ltr'>simile</span> <span class='ocrx_word' id='word_1_153' title='bbox 1332 1300 1414 1328; x_wconf 90' lang='lat' dir='ltr'>non</span> <span class='ocrx_word' id='word_1_154' title='bbox 1445 1291 1521 1338; x_wconf 77' lang='lat' dir='ltr'>est,</span> <span class='ocrx_word' id='word_1_155' title='bbox 1552 1286 1648 1328; x_wconf 92' lang='lat' dir='ltr'>odio</span> 
     </span>
     <span class='ocr_line' id='line_1_18' title="bbox 148 1350 1647 1406; baseline 0.001 -14"><span class='ocrx_word' id='word_1_156' title='bbox 148 1350 281 1393; x_wconf 88' lang='lat' dir='ltr'>fuisse</span> <span class='ocrx_word' id='word_1_157' title='bbox 321 1351 482 1405; x_wconf 86' lang='lat' dir='ltr'>parenti</span> <span class='ocrx_word' id='word_1_158' title='bbox 520 1350 648 1392; x_wconf 84' lang='lat' dir='ltr'>filium</span> <span class='ocrx_word' id='word_1_159' title='bbox 688 1352 777 1393; x_wconf 88' lang='lat' dir='ltr'>sine</span> <span class='ocrx_word' id='word_1_160' title='bbox 815 1352 953 1394; x_wconf 88' lang='lat' dir='ltr'>causis</span> <span class='ocrx_word' id='word_1_161' title='bbox 993 1354 1132 1395; x_wconf 88' lang='lat' dir='ltr'>multis</span> <span class='ocrx_word' id='word_1_162' title='bbox 1163 1358 1203 1395; x_wconf 89' lang='lat' dir='ltr'>et</span> <span class='ocrx_word' id='word_1_163' title='bbox 1233 1353 1398 1406; x_wconf 87' lang='lat' dir='ltr'>magnis</span> <span class='ocrx_word' id='word_1_164' title='bbox 1436 1357 1475 1395; x_wconf 92' lang='lat' dir='ltr'>et</span> <span class='ocrx_word' id='word_1_165' title='bbox 1505 1365 1647 1394; x_wconf 89' lang='lat' dir='ltr'>neces-</span> 
     </span>
     <span class='ocr_line' id='line_1_19' title="bbox 139 1417 1697 1473; baseline -0.001 -13"><span class='ocrx_word' id='word_1_166' title='bbox 139 1417 282 1460; x_wconf 81' lang='lat' dir='ltr'>sariis.</span> <span class='ocrx_word' id='word_1_167' title='bbox 342 1418 499 1459; x_wconf 82' lang='lat' dir='ltr'>Rursus</span> <span class='ocrx_word' id='word_1_168' title='bbox 530 1418 656 1471; x_wconf 85' lang='lat' dir='ltr'>igitur</span> <span class='ocrx_word' id='word_1_169' title='bbox 686 1419 832 1460; x_wconf 90' lang='lat' dir='ltr'>eodem</span> <span class='ocrx_word' id='word_1_170' title='bbox 873 1424 1129 1461; x_wconf 86' lang='lat' dir='ltr'>revertamur</span> <span class='ocrx_word' id='word_1_171' title='bbox 1160 1425 1199 1462; x_wconf 90' lang='lat' dir='ltr'>et</span> <span class='ocrx_word' id='word_1_172' title='bbox 1230 1432 1501 1473; x_wconf 83' lang='lat' dir='ltr'>quaeramUS,</span> <span class='ocrx_word' id='word_1_173' title='bbox 1541 1431 1647 1472; x_wconf 91' lang='lat' dir='ltr'>quae</span> <span class='ocrx_word' id='word_1_174' title='bbox 1662 1423 1697 1448; x_wconf 81' lang='lat'>41</span> 
     </span>
     <span class='ocr_line' id='line_1_20' title="bbox 146 1484 1645 1541; baseline 0.001 -16"><span class='ocrx_word' id='word_1_175' title='bbox 146 1488 264 1525; x_wconf 90' lang='lat' dir='ltr'>tanta</span> <span class='ocrx_word' id='word_1_176' title='bbox 299 1484 401 1526; x_wconf 90' lang='lat' dir='ltr'>vitia</span> <span class='ocrx_word' id='word_1_177' title='bbox 439 1484 592 1526; x_wconf 87' lang='lat' dir='ltr'>fuerint</span> <span class='ocrx_word' id='word_1_178' title='bbox 632 1485 673 1526; x_wconf 92' lang='lat' dir='ltr'>in</span> <span class='ocrx_word' id='word_1_179' title='bbox 712 1486 833 1527; x_wconf 91' lang='lat' dir='ltr'>unico</span> <span class='ocrx_word' id='word_1_180' title='bbox 872 1484 980 1536; x_wconf 88' lang='lat' dir='ltr'>filio,</span> <span class='ocrx_word' id='word_1_181' title='bbox 1027 1499 1155 1539; x_wconf 81' lang='lat' dir='ltr'>quare</span> <span class='ocrx_word' id='word_1_182' title='bbox 1186 1487 1221 1528; x_wconf 91' lang='lat' dir='ltr'>is</span> <span class='ocrx_word' id='word_1_183' title='bbox 1252 1486 1361 1541; x_wconf 88' lang='lat' dir='ltr'>patri</span> <span class='ocrx_word' id='word_1_184' title='bbox 1393 1486 1645 1540; x_wconf 88' lang='lat' dir='ltr'>displiceret.</span> 
     </span>
    </p>
   </div>
   <div class='ocr_carea' id='block_1_3' title="bbox 158 1587 683 1591">
    <p class='ocr_par' dir='ltr' id='par_1_3' title="bbox 158 1587 683 1591">
     <span class='ocr_line' id='line_1_21' title="bbox 158 1587 683 1591; baseline 0 0"><span class='ocrx_word' id='word_1_185' title='bbox 158 1587 683 1591; x_wconf 95' lang='lat' dir='ltr'> </span> 
     </span>
    </p>
   </div>
   <div class='ocr_carea' id='block_1_4' title="bbox 150 1637 1652 2448">
    <p class='ocr_par' dir='ltr' id='par_1_4' title="bbox 247 1637 484 1672">
     <span class='ocr_line' id='line_1_22' title="bbox 247 1637 484 1672; baseline 0.004 -1"><span class='ocrx_word' id='word_1_186' title='bbox 247 1637 392 1672; x_wconf 72' lang='lat' dir='ltr'>Testz‘m.</span> <span class='ocrx_word' id='word_1_187' title='bbox 417 1641 484 1672; x_wconf 69' lang='lat' dir='ltr'>eet.</span> 
     </span>
    </p>

    <p class='ocr_par' dir='ltr' id='par_1_5' title="bbox 150 1696 1652 1918">
     <span class='ocr_line' id='line_1_23' title="bbox 246 1696 1652 1744; baseline 0 -13"><span class='ocrx_word' id='word_1_188' title='bbox 246 1696 366 1731; x_wconf 81' lang='lat' dir='ltr'>Schol.</span> <span class='ocrx_word' id='word_1_189' title='bbox 397 1697 461 1732; x_wconf 76' lang='lat' dir='ltr'>Gr.</span> <span class='ocrx_word' id='word_1_190' title='bbox 511 1699 530 1737; x_wconf 67' lang='grc' dir='ltr'>ἓ</span> <span class='ocrx_word' id='word_1_191' title='bbox 555 1698 611 1733; x_wconf 87' lang='grc'>40.</span> <span class='ocrx_word' id='word_1_192' title='bbox 652 1697 778 1739; x_wconf 83' lang='lat' dir='ltr'>Quae</span> <span class='ocrx_word' id='word_1_193' title='bbox 813 1709 886 1734; x_wconf 89' lang='lat' dir='ltr'>res</span> <span class='ocrx_word' id='word_1_194' title='bbox 920 1699 1066 1743; x_wconf 89' lang='lat' dir='ltr'>igitur</span> <span class='ocrx_word' id='word_1_195' title='bbox 1096 1698 1295 1744; x_wconf 85' lang='lat' dir='ltr'>tantum]</span> <span class='ocrx_word' id='word_1_196' title='bbox 1341 1699 1466 1742; x_wconf 82' lang='lat' dir='ltr'>Auget</span> <span class='ocrx_word' id='word_1_197' title='bbox 1491 1708 1584 1740; x_wconf 90' lang='lat' dir='ltr'>rem,</span> <span class='ocrx_word' id='word_1_198' title='bbox 1611 1701 1652 1732; x_wconf 91' lang='lat' dir='ltr'>ut</span> 
     </span>
     <span class='ocr_line' id='line_1_24' title="bbox 151 1755 1652 1798; baseline 0.001 -9"><span class='ocrx_word' id='word_1_199' title='bbox 151 1755 364 1791; x_wconf 86' lang='lat' dir='ltr'>incredibile</span> <span class='ocrx_word' id='word_1_200' title='bbox 396 1755 567 1791; x_wconf 85' lang='lat' dir='ltr'>videatur</span> <span class='ocrx_word' id='word_1_201' title='bbox 594 1756 740 1792; x_wconf 89' lang='lat' dir='ltr'>crimen.</span> <span class='ocrx_word' id='word_1_202' title='bbox 790 1758 871 1793; x_wconf 90' lang='lat' dir='ltr'>Non</span> <span class='ocrx_word' id='word_1_203' title='bbox 906 1757 998 1792; x_wconf 84' lang='lat' dir='ltr'>dixit</span> <span class='ocrx_word' id='word_1_204' title='bbox 1032 1758 1206 1798; x_wconf 87' lang='lat' dir='ltr'>scelus,</span> <span class='ocrx_word' id='word_1_205' title='bbox 1244 1757 1312 1793; x_wconf 85' lang='lat' dir='ltr'>sed</span> <span class='ocrx_word' id='word_1_206' title='bbox 1347 1757 1556 1792; x_wconf 89' lang='lat' dir='ltr'>furorem.</span> <span class='ocrx_word' id='word_1_207' title='bbox 1606 1756 1652 1790; x_wconf 86' lang='lat' dir='ltr'>Et</span> 
     </span>
     <span class='ocr_line' id='line_1_25' title="bbox 150 1814 1652 1860; baseline 0 -11"><span class='ocrx_word' id='word_1_208' title='bbox 150 1816 243 1849; x_wconf 87' lang='lat' dir='ltr'>bene</span> <span class='ocrx_word' id='word_1_209' title='bbox 270 1814 361 1849; x_wconf 83' lang='lat' dir='ltr'>dixit</span> <span class='ocrx_word' id='word_1_210' title='bbox 387 1814 555 1850; x_wconf 88' lang='lat' dir='ltr'>furorem.</span> <span class='ocrx_word' id='word_1_211' title='bbox 605 1816 829 1860; x_wconf 84' lang='lat' dir='ltr'>Declaravit,</span> <span class='ocrx_word' id='word_1_212' title='bbox 857 1816 927 1852; x_wconf 89' lang='lat' dir='ltr'>nisi</span> <span class='ocrx_word' id='word_1_213' title='bbox 945 1817 1090 1860; x_wconf 87' lang='lat' dir='ltr'>perdita</span> <span class='ocrx_word' id='word_1_214' title='bbox 1110 1817 1242 1851; x_wconf 90' lang='lat' dir='ltr'>mentis</span> <span class='ocrx_word' id='word_1_215' title='bbox 1261 1816 1421 1851; x_wconf 85' lang='lat' dir='ltr'>sanitate</span> <span class='ocrx_word' id='word_1_216' title='bbox 1443 1826 1516 1850; x_wconf 90' lang='lat' dir='ltr'>non</span> <span class='ocrx_word' id='word_1_217' title='bbox 1537 1824 1652 1860; x_wconf 87' lang='lat' dir='ltr'>posse</span> 
     </span>
     <span class='ocr_line' id='line_1_26' title="bbox 151 1873 618 1918; baseline -0.002 -10"><span class='ocrx_word' id='word_1_218' title='bbox 151 1873 197 1908; x_wconf 88' lang='lat' dir='ltr'>de</span> <span class='ocrx_word' id='word_1_219' title='bbox 223 1874 422 1918; x_wconf 86' lang='lat' dir='ltr'>parricidio</span> <span class='ocrx_word' id='word_1_220' title='bbox 450 1874 618 1918; x_wconf 82' lang='lat' dir='ltr'>cogitari.</span> 
     </span>
    </p>

    <p class='ocr_par' dir='ltr' id='par_1_6' title="bbox 152 1932 1651 2036">
     <span class='ocr_line' id='line_1_27' title="bbox 245 1932 1651 1978; baseline 0 -11"><span class='ocrx_word' id='word_1_221' title='bbox 245 1932 453 1968; x_wconf 86' lang='lat' dir='ltr'>Necesse</span> <span class='ocrx_word' id='word_1_222' title='bbox 491 1936 565 1967; x_wconf 90' lang='lat' dir='ltr'>est</span> <span class='ocrx_word' id='word_1_223' title='bbox 598 1933 727 1977; x_wconf 88' lang='lat' dir='ltr'>enim]</span> <span class='ocrx_word' id='word_1_224' title='bbox 769 1933 871 1975; x_wconf 84' lang='lat' dir='ltr'>Quae</span> <span class='ocrx_word' id='word_1_225' title='bbox 905 1943 1020 1968; x_wconf 87' lang='lat' dir='ltr'>causa</span> <span class='ocrx_word' id='word_1_226' title='bbox 1052 1938 1127 1977; x_wconf 89' lang='lat' dir='ltr'>est,</span> <span class='ocrx_word' id='word_1_227' title='bbox 1167 1944 1280 1978; x_wconf 85' lang='lat' dir='ltr'>quare</span> <span class='ocrx_word' id='word_1_228' title='bbox 1317 1933 1454 1968; x_wconf 87' lang='lat' dir='ltr'>occidit</span> <span class='ocrx_word' id='word_1_229' title='bbox 1485 1935 1651 1976; x_wconf 76' lang='lat' dir='ltr'>patrem?</span> 
     </span>
     <span class='ocr_line' id='line_1_28' title="bbox 152 1990 1113 2036; baseline -0.001 -10"><span class='ocrx_word' id='word_1_230' title='bbox 152 1990 245 2033; x_wconf 78' lang='lat' dir='ltr'>Quia</span> <span class='ocrx_word' id='word_1_231' title='bbox 270 2002 343 2027; x_wconf 91' lang='lat' dir='ltr'>non</span> <span class='ocrx_word' id='word_1_232' title='bbox 371 1990 544 2036; x_wconf 83' lang='lat' dir='ltr'>placebat</span> <span class='ocrx_word' id='word_1_233' title='bbox 571 1992 679 2035; x_wconf 87' lang='lat' dir='ltr'>patri.</span> <span class='ocrx_word' id='word_1_234' title='bbox 730 1993 865 2035; x_wconf 87' lang='lat' dir='ltr'>Incipit</span> <span class='ocrx_word' id='word_1_235' title='bbox 891 1992 964 2026; x_wconf 87' lang='lat' dir='ltr'>alia</span> <span class='ocrx_word' id='word_1_236' title='bbox 989 2002 1113 2027; x_wconf 88' lang='lat' dir='ltr'>causa.</span> 
     </span>
    </p>

    <p class='ocr_par' dir='ltr' id='par_1_7' title="bbox 152 2049 1652 2154">
     <span class='ocr_line' id='line_1_29' title="bbox 246 2049 1652 2096; baseline -0.001 -11"><span class='ocrx_word' id='word_1_237' title='bbox 246 2053 265 2091; x_wconf 64' lang='grc' dir='ltr'>ἓ</span> <span class='ocrx_word' id='word_1_238' title='bbox 292 2052 347 2085; x_wconf 83' lang='grc'>41.</span> <span class='ocrx_word' id='word_1_239' title='bbox 399 2051 446 2084; x_wconf 89' lang='lat' dir='ltr'>In</span> <span class='ocrx_word' id='word_1_240' title='bbox 475 2050 613 2084; x_wconf 90' lang='lat' dir='ltr'>unico</span> <span class='ocrx_word' id='word_1_241' title='bbox 641 2049 769 2096; x_wconf 91' lang='lat' dir='ltr'>filio]</span> <span class='ocrx_word' id='word_1_242' title='bbox 798 2051 997 2095; x_wconf 84' lang='lat' dir='ltr'>Eleganter</span> <span class='ocrx_word' id='word_1_243' title='bbox 1023 2051 1093 2086; x_wconf 92' lang='lat' dir='ltr'>hoc</span> <span class='ocrx_word' id='word_1_244' title='bbox 1120 2051 1253 2093; x_wconf 86' lang='lat' dir='ltr'>intulit,</span> <span class='ocrx_word' id='word_1_245' title='bbox 1281 2050 1380 2094; x_wconf 89' lang='lat' dir='ltr'>quod</span> <span class='ocrx_word' id='word_1_246' title='bbox 1406 2050 1575 2084; x_wconf 87' lang='lat' dir='ltr'>naturale</span> <span class='ocrx_word' id='word_1_247' title='bbox 1604 2049 1652 2084; x_wconf 89' lang='lat' dir='ltr'>sit</span> 
     </span>
     <span class='ocr_line' id='line_1_30' title="bbox 152 2108 1571 2154; baseline 0 -12"><span class='ocrx_word' id='word_1_248' title='bbox 152 2111 191 2143; x_wconf 90' lang='lat' dir='ltr'>ut</span> <span class='ocrx_word' id='word_1_249' title='bbox 217 2108 334 2143; x_wconf 88' lang='lat' dir='ltr'>unicis</span> <span class='ocrx_word' id='word_1_250' title='bbox 360 2108 486 2143; x_wconf 85' lang='lat' dir='ltr'>liberis</span> <span class='ocrx_word' id='word_1_251' title='bbox 513 2110 681 2153; x_wconf 88' lang='lat' dir='ltr'>quamvis</span> <span class='ocrx_word' id='word_1_252' title='bbox 708 2109 991 2152; x_wconf 84' lang='lat' dir='ltr'>impotentibus</span> <span class='ocrx_word' id='word_1_253' title='bbox 1008 2111 1041 2149; x_wconf 69' lang='grc'>6)</span> <span class='ocrx_word' id='word_1_254' title='bbox 1073 2110 1277 2154; x_wconf 83' lang='lat' dir='ltr'>promptius</span> <span class='ocrx_word' id='word_1_255' title='bbox 1302 2109 1571 2153; x_wconf 86' lang='lat' dir='ltr'>indulgeamus.</span> 
     </span>
    </p>

    <p class='ocr_par' dir='ltr' id='par_1_8' title="bbox 150 2167 1652 2271">
     <span class='ocr_line' id='line_1_31' title="bbox 247 2167 1652 2214; baseline 0.001 -13"><span class='ocrx_word' id='word_1_256' title='bbox 247 2167 450 2202; x_wconf 88' lang='lat' dir='ltr'>Omnium</span> <span class='ocrx_word' id='word_1_257' title='bbox 489 2168 928 2214; x_wconf 86' lang='lat' dir='ltr'>constantissimus]</span> <span class='ocrx_word' id='word_1_258' title='bbox 991 2168 1185 2203; x_wconf 84' lang='lat' dir='ltr'>Manifeste</span> <span class='ocrx_word' id='word_1_259' title='bbox 1217 2178 1392 2212; x_wconf 85' lang='lat' dir='ltr'>namque,</span> <span class='ocrx_word' id='word_1_260' title='bbox 1433 2167 1520 2211; x_wconf 88' lang='lat' dir='ltr'>quid</span> <span class='ocrx_word' id='word_1_261' title='bbox 1553 2170 1652 2202; x_wconf 88' lang='lat' dir='ltr'>esset</span> 
     </span>
     <span class='ocr_line' id='line_1_32' title="bbox 150 2226 1429 2271; baseline 0.001 -10"><span class='ocrx_word' id='word_1_262' title='bbox 150 2227 373 2269; x_wconf 87' lang='lat' dir='ltr'>constantia,</span> <span class='ocrx_word' id='word_1_263' title='bbox 400 2226 459 2262; x_wconf 90' lang='lat' dir='ltr'>hic</span> <span class='ocrx_word' id='word_1_264' title='bbox 485 2227 657 2269; x_wconf 87' lang='lat' dir='ltr'>ostendit,</span> <span class='ocrx_word' id='word_1_265' title='bbox 686 2238 795 2271; x_wconf 90' lang='lat' dir='ltr'>quum</span> <span class='ocrx_word' id='word_1_266' title='bbox 825 2228 1045 2262; x_wconf 88' lang='lat' dir='ltr'>contrariam</span> <span class='ocrx_word' id='word_1_267' title='bbox 1072 2228 1197 2270; x_wconf 78' lang='lat' dir='ltr'>posuit</span> <span class='ocrx_word' id='word_1_268' title='bbox 1222 2227 1429 2262; x_wconf 84' lang='lat' dir='ltr'>amentiam.</span> 
     </span>
    </p>

    <p class='ocr_par' dir='ltr' id='par_1_9' title="bbox 150 2285 1652 2448">
     <span class='ocr_line' id='line_1_33' title="bbox 245 2285 1652 2331; baseline 0 -11"><span class='ocrx_word' id='word_1_269' title='bbox 245 2285 402 2330; x_wconf 88' lang='lat' dir='ltr'>Neque</span> <span class='ocrx_word' id='word_1_270' title='bbox 430 2286 526 2320; x_wconf 90' lang='lat' dir='ltr'>odii</span> <span class='ocrx_word' id='word_1_271' title='bbox 553 2286 760 2331; x_wconf 89' lang='lat' dir='ltr'>causam]</span> <span class='ocrx_word' id='word_1_272' title='bbox 793 2286 961 2321; x_wconf 90' lang='lat' dir='ltr'>Dicendo</span> <span class='ocrx_word' id='word_1_273' title='bbox 990 2296 1109 2330; x_wconf 91' lang='lat' dir='ltr'>neque</span> <span class='ocrx_word' id='word_1_274' title='bbox 1135 2286 1210 2321; x_wconf 88' lang='lat' dir='ltr'>odii</span> <span class='ocrx_word' id='word_1_275' title='bbox 1238 2296 1385 2321; x_wconf 85' lang='lat' dir='ltr'>causam</span> <span class='ocrx_word' id='word_1_276' title='bbox 1411 2285 1508 2329; x_wconf 86' lang='lat' dir='ltr'>patri</span> <span class='ocrx_word' id='word_1_277' title='bbox 1534 2295 1652 2329; x_wconf 87' lang='lat' dir='ltr'>neque</span> 
     </span>
     <span class='ocr_line' id='line_1_34' title="bbox 151 2342 1652 2390; baseline 0.001 -13"><span class='ocrx_word' id='word_1_278' title='bbox 151 2343 300 2378; x_wconf 84' lang='lat' dir='ltr'>sceleris</span> <span class='ocrx_word' id='word_1_279' title='bbox 326 2343 436 2379; x_wconf 89' lang='lat' dir='ltr'>filio</span> <span class='ocrx_word' id='word_1_280' title='bbox 455 2347 490 2390; x_wconf 68' lang='grc' dir='ltr'>Ἴ)</span> <span class='ocrx_word' id='word_1_281' title='bbox 520 2342 648 2388; x_wconf 86' lang='lat' dir='ltr'>fuisse,</span> <span class='ocrx_word' id='word_1_282' title='bbox 678 2346 852 2390; x_wconf 84' lang='lat' dir='ltr'>expedita</span> <span class='ocrx_word' id='word_1_283' title='bbox 878 2344 1058 2380; x_wconf 83' lang='lat' dir='ltr'>facilitate</span> <span class='ocrx_word' id='word_1_284' title='bbox 1085 2346 1270 2380; x_wconf 88' lang='lat' dir='ltr'>conclusit</span> <span class='ocrx_word' id='word_1_285' title='bbox 1295 2348 1331 2380; x_wconf 90' lang='lat' dir='ltr'>et</span> <span class='ocrx_word' id='word_1_286' title='bbox 1347 2344 1587 2388; x_wconf 85' lang='lat' dir='ltr'>principalem</span> <span class='ocrx_word' id='word_1_287' title='bbox 1615 2347 1652 2378; x_wconf 84' lang='lat' dir='ltr'>et</span> 
     </span>
     <span class='ocr_line' id='line_1_35' title="bbox 150 2401 725 2448; baseline 0.007 -13"><span class='ocrx_word' id='word_1_288' title='bbox 150 2401 375 2437; x_wconf 85' lang='lat' dir='ltr'>incidentem</span> <span class='ocrx_word' id='word_1_289' title='bbox 395 2404 429 2448; x_wconf 72' lang='lat'>⁸)</span> <span class='ocrx_word' id='word_1_290' title='bbox 460 2405 725 2448; x_wconf 89' lang='lat' dir='ltr'>quaestionem.</span> 
     </span>
    </p>
   </div>
   <div class='ocr_carea' id='block_1_5' title="bbox 247 2508 1651 2551">
    <p class='ocr_par' dir='ltr' id='par_1_10' title="bbox 247 2508 1651 2551">
     <span class='ocr_line' id='line_1_36' title="bbox 247 2508 1651 2551; baseline 0 -13"><span class='ocrx_word' id='word_1_291' title='bbox 247 2510 280 2546; x_wconf 89' lang='grc'>6)</span> <span class='ocrx_word' id='word_1_292' title='bbox 314 2510 414 2548; x_wconf 82' lang='lat' dir='ltr'>Vulg.</span> <span class='ocrx_word' id='word_1_293' title='bbox 452 2521 472 2550; x_wconf 82' lang='lat' dir='ltr'>p</span> <span class='ocrx_word' id='word_1_294' title='bbox 484 2510 709 2541; x_wconf 87' lang='lat' dir='ltr'>otentibus</span> <span class='ocrx_word' id='word_1_295' title='bbox 721 2536 728 2549; x_wconf 77' lang='lat'>,</span> <span class='ocrx_word' id='word_1_296' title='bbox 762 2512 794 2543; x_wconf 80' lang='lat' dir='ltr'>J.</span> <span class='ocrx_word' id='word_1_297' title='bbox 821 2512 859 2542; x_wconf 81' lang='lat' dir='ltr'>F.</span> <span class='ocrx_word' id='word_1_298' title='bbox 887 2511 988 2543; x_wconf 83' lang='lat' dir='ltr'>Gron.</span> <span class='ocrx_word' id='word_1_299' title='bbox 1024 2510 1251 2551; x_wconf 85' lang='lat' dir='ltr'>petulantibus</span> <span class='ocrx_word' id='word_1_300' title='bbox 1287 2511 1366 2540; x_wconf 84' lang='lat' dir='ltr'>oder</span> <span class='ocrx_word' id='word_1_301' title='bbox 1402 2508 1651 2549; x_wconf 81' lang='lat' dir='ltr'>impotentibus,</span> 
     </span>
    </p>
   </div>
   <div class='ocr_carea' id='block_1_6' title="bbox 151 2555 1651 2645">
    <p class='ocr_par' dir='ltr' id='par_1_11' title="bbox 151 2555 1651 2645">
     <span class='ocr_line' id='line_1_37' title="bbox 152 2555 1651 2599; baseline -0.001 -14"><span class='ocrx_word' id='word_1_302' title='bbox 152 2555 207 2586; x_wconf 88' lang='lat' dir='ltr'>Or.</span> <span class='ocrx_word' id='word_1_303' title='bbox 234 2557 464 2595; x_wconf 78' lang='lat' dir='ltr'>peccantibus,</span> <span class='ocrx_word' id='word_1_304' title='bbox 501 2559 539 2588; x_wconf 87' lang='lat' dir='ltr'>B.</span> <span class='ocrx_word' id='word_1_305' title='bbox 566 2558 757 2598; x_wconf 85' lang='lat' dir='ltr'>potantibus</span> <span class='ocrx_word' id='word_1_306' title='bbox 784 2558 883 2599; x_wconf 78' lang='lat' dir='ltr'>(sic);</span> <span class='ocrx_word' id='word_1_307' title='bbox 923 2559 961 2589; x_wconf 88' lang='lat' dir='ltr'>E.</span> <span class='ocrx_word' id='word_1_308' title='bbox 989 2569 1019 2599; x_wconf 88' lang='lat' dir='ltr'>p.</span> <span class='ocrx_word' id='word_1_309' title='bbox 1051 2561 1091 2589; x_wconf 81' lang='lat'>‘20</span> <span class='ocrx_word' id='word_1_310' title='bbox 1118 2558 1344 2588; x_wconf 84' lang='lat' dir='ltr'>insolentibus.</span> <span class='ocrx_word' id='word_1_311' title='bbox 1381 2574 1421 2578; x_wconf 65' lang='lat'>—=</span> <span class='ocrx_word' id='word_1_312' title='bbox 1478 2556 1510 2595; x_wconf 84' lang='lat'>7)</span> <span class='ocrx_word' id='word_1_313' title='bbox 1547 2555 1651 2585; x_wconf 87' lang='lat' dir='ltr'>filio</span> 
     </span>
     <span class='ocr_line' id='line_1_38' title="bbox 151 2604 1649 2645; baseline -0.001 -13"><span class='ocrx_word' id='word_1_314' title='bbox 151 2607 251 2633; x_wconf 85' lang='lat' dir='ltr'>setztc</span> <span class='ocrx_word' id='word_1_315' title='bbox 276 2604 314 2633; x_wconf 86' lang='lat' dir='ltr'>B.</span> <span class='ocrx_word' id='word_1_316' title='bbox 341 2604 401 2634; x_wconf 88' lang='lat' dir='ltr'>mit</span> <span class='ocrx_word' id='word_1_317' title='bbox 427 2605 533 2635; x_wconf 77' lang='lat' dir='ltr'>Reeht</span> <span class='ocrx_word' id='word_1_318' title='bbox 568 2616 628 2636; x_wconf 82' lang='lat' dir='ltr'>aus</span> <span class='ocrx_word' id='word_1_319' title='bbox 654 2606 722 2636; x_wconf 71' lang='lat' dir='ltr'>Cic.</span> <span class='ocrx_word' id='word_1_320' title='bbox 750 2606 812 2636; x_wconf 85' lang='lat' dir='ltr'>ein.</span> <span class='ocrx_word' id='word_1_321' title='bbox 849 2624 892 2627; x_wconf 87' lang='lat'><strong>—</strong></span> <span class='ocrx_word' id='word_1_322' title='bbox 946 2606 980 2645; x_wconf 81' lang='lat' dir='ltr'>S)</span> <span class='ocrx_word' id='word_1_323' title='bbox 1016 2606 1081 2644; x_wconf 70' lang='lat' dir='ltr'>vgl.</span> <span class='ocrx_word' id='word_1_324' title='bbox 1109 2605 1205 2635; x_wconf 83' lang='lat' dir='ltr'>hiezu</span> <span class='ocrx_word' id='word_1_325' title='bbox 1230 2605 1328 2635; x_wconf 88' lang='lat' dir='ltr'>Mart.</span> <span class='ocrx_word' id='word_1_326' title='bbox 1356 2604 1484 2643; x_wconf 75' lang='lat' dir='ltr'>Capell.</span> <span class='ocrx_word' id='word_1_327' title='bbox 1512 2614 1542 2642; x_wconf 83' lang='lat' dir='ltr'>p.</span> <span class='ocrx_word' id='word_1_328' title='bbox 1572 2604 1649 2639; x_wconf 79' lang='lat'>455,</span> 
     </span>
    </p>
   </div>
   <div class='ocr_carea' id='block_1_7' title="bbox 150 2649 1651 2929">
    <p class='ocr_par' dir='ltr' id='par_1_12' title="bbox 150 2649 1651 2929">
     <span class='ocr_line' id='line_1_39' title="bbox 154 2649 1650 2693; baseline -0.005 -7"><span class='ocrx_word' id='word_1_329' title='bbox 154 2653 195 2680; x_wconf 78' lang='lat'>12</span> <span class='ocrx_word' id='word_1_330' title='bbox 212 2650 253 2680; x_wconf 87' lang='lat' dir='ltr'>H·</span> <span class='ocrx_word' id='word_1_331' title='bbox 285 2652 329 2690; x_wconf 86' lang='lat' dir='ltr'>(p.</span> <span class='ocrx_word' id='word_1_332' title='bbox 360 2654 437 2689; x_wconf 88' lang='lat'>143,</span> <span class='ocrx_word' id='word_1_333' title='bbox 466 2655 506 2682; x_wconf 82' lang='lat'>29</span> <span class='ocrx_word' id='word_1_334' title='bbox 533 2652 608 2693; x_wconf 32' lang='lat' dir='ltr'>Est)</span> <span class='ocrx_word' id='word_1_335' title='bbox 649 2652 891 2690; x_wconf 81' lang='lat' dir='ltr'>Quaestionum</span> <span class='ocrx_word' id='word_1_336' title='bbox 917 2663 995 2683; x_wconf 77' lang='lat' dir='ltr'>vcro</span> <span class='ocrx_word' id='word_1_337' title='bbox 1021 2653 1148 2693; x_wconf 80' lang='lat' dir='ltr'>duplex</span> <span class='ocrx_word' id='word_1_338' title='bbox 1174 2653 1315 2692; x_wconf 87' lang='lat' dir='ltr'>species:</span> <span class='ocrx_word' id='word_1_339' title='bbox 1349 2651 1436 2681; x_wconf 82' lang='lat' dir='ltr'>aliae</span> <span class='ocrx_word' id='word_1_340' title='bbox 1462 2655 1538 2679; x_wconf 90' lang='lat' dir='ltr'>sunt</span> <span class='ocrx_word' id='word_1_341' title='bbox 1563 2649 1650 2679; x_wconf 86' lang='lat' dir='ltr'>enim</span> 
     </span>
     <span class='ocr_line' id='line_1_40' title="bbox 151 2697 1648 2740; baseline -0.001 -14"><span class='ocrx_word' id='word_1_342' title='bbox 151 2697 447 2737; x_wconf 84' lang='lat' dir='ltr'>principales,</span> <span class='ocrx_word' id='word_1_343' title='bbox 474 2699 560 2730; x_wconf 86' lang='lat' dir='ltr'>aliae</span> <span class='ocrx_word' id='word_1_344' title='bbox 587 2700 847 2731; x_wconf 83' lang='lat' dir='ltr'>incidentes.</span> <span class='ocrx_word' id='word_1_345' title='bbox 887 2701 1092 2740; x_wconf 79' lang='lat' dir='ltr'>Principales</span> <span class='ocrx_word' id='word_1_346' title='bbox 1117 2705 1192 2730; x_wconf 78' lang='lat' dir='ltr'>sunt</span> <span class='ocrx_word' id='word_1_347' title='bbox 1219 2704 1333 2735; x_wconf 75' lang='lat' dir='ltr'>status,</span> <span class='ocrx_word' id='word_1_348' title='bbox 1361 2708 1403 2727; x_wconf 80' lang='lat' dir='ltr'>ex</span> <span class='ocrx_word' id='word_1_349' title='bbox 1430 2697 1549 2736; x_wconf 79' lang='lat' dir='ltr'>quibus</span> <span class='ocrx_word' id='word_1_350' title='bbox 1572 2706 1648 2726; x_wconf 85' lang='lat' dir='ltr'>nas-</span> 
     </span>
     <span class='ocr_line' id='line_1_41' title="bbox 151 2744 1649 2787; baseline -0.001 -13"><span class='ocrx_word' id='word_1_351' title='bbox 151 2744 236 2774; x_wconf 84' lang='lat' dir='ltr'>citur</span> <span class='ocrx_word' id='word_1_352' title='bbox 261 2754 372 2783; x_wconf 80' lang='lat' dir='ltr'>causa‚</span> <span class='ocrx_word' id='word_1_353' title='bbox 399 2756 482 2785; x_wconf 85' lang='lat' dir='ltr'>quas</span> <span class='ocrx_word' id='word_1_354' title='bbox 498 2747 629 2777; x_wconf 88' lang='lat' dir='ltr'>Tullius</span> <span class='ocrx_word' id='word_1_355' title='bbox 654 2747 905 2778; x_wconf 85' lang='lat' dir='ltr'>constitutiones</span> <span class='ocrx_word' id='word_1_356' title='bbox 930 2749 1096 2787; x_wconf 79' lang='lat' dir='ltr'>appellat:</span> <span class='ocrx_word' id='word_1_357' title='bbox 1125 2746 1304 2777; x_wconf 82' lang='lat' dir='ltr'>incidentes</span> <span class='ocrx_word' id='word_1_358' title='bbox 1329 2756 1417 2783; x_wconf 76' lang='lat' dir='ltr'>vero,</span> <span class='ocrx_word' id='word_1_359' title='bbox 1444 2754 1540 2783; x_wconf 73' lang='lat' dir='ltr'>quae,</span> <span class='ocrx_word' id='word_1_360' title='bbox 1571 2745 1649 2773; x_wconf 80' lang='grc'><strong>(111111</strong></span> 
     </span>
     <span class='ocr_line' id='line_1_42' title="bbox 154 2791 1650 2833; baseline -0.001 -12"><span class='ocrx_word' id='word_1_361' title='bbox 154 2796 316 2822; x_wconf 85' lang='lat' dir='ltr'>tractatur</span> <span class='ocrx_word' id='word_1_362' title='bbox 341 2802 460 2831; x_wconf 80' lang='lat' dir='ltr'>eausa,</span> <span class='ocrx_word' id='word_1_363' title='bbox 492 2799 691 2832; x_wconf 78' lang='lat' dir='ltr'>nascuntur,</span> <span class='ocrx_word' id='word_1_364' title='bbox 725 2796 804 2825; x_wconf 88' lang='grc'><strong>(111111</strong></span> <span class='ocrx_word' id='word_1_365' title='bbox 830 2800 1028 2833; x_wconf 68' lang='lat' dir='ltr'>argumenta</span> <span class='ocrx_word' id='word_1_366' title='bbox 1054 2795 1106 2824; x_wconf 74' lang='lat' dir='ltr'>vel</span> <span class='ocrx_word' id='word_1_367' title='bbox 1133 2794 1254 2833; x_wconf 85' lang='lat' dir='ltr'>scripta</span> <span class='ocrx_word' id='word_1_368' title='bbox 1279 2792 1455 2823; x_wconf 78' lang='lat' dir='ltr'>refutando</span> <span class='ocrx_word' id='word_1_369' title='bbox 1481 2791 1515 2821; x_wconf 89' lang='grc'>111</span> <span class='ocrx_word' id='word_1_370' title='bbox 1540 2791 1650 2830; x_wconf 80' lang='lat' dir='ltr'>plures</span> 
     </span>
     <span class='ocr_line' id='line_1_43' title="bbox 150 2837 1651 2881; baseline -0.001 -13"><span class='ocrx_word' id='word_1_371' title='bbox 150 2848 253 2869; x_wconf 83' lang='lat' dir='ltr'>eausa</span> <span class='ocrx_word' id='word_1_372' title='bbox 278 2839 443 2870; x_wconf 85' lang='lat' dir='ltr'>diducitur</span> <span class='ocrx_word' id='word_1_373' title='bbox 468 2841 694 2881; x_wconf 82' lang='lat' dir='ltr'>quaestiones:</span> <span class='ocrx_word' id='word_1_374' title='bbox 735 2848 770 2872; x_wconf 89' lang='lat' dir='ltr'>ut</span> <span class='ocrx_word' id='word_1_375' title='bbox 796 2842 823 2872; x_wconf 91' lang='lat' dir='ltr'>si</span> <span class='ocrx_word' id='word_1_376' title='bbox 848 2842 1042 2881; x_wconf 83' lang='lat' dir='ltr'>principalis</span> <span class='ocrx_word' id='word_1_377' title='bbox 1069 2846 1189 2880; x_wconf 84' lang='lat' dir='ltr'>,utrum</span> <span class='ocrx_word' id='word_1_378' title='bbox 1216 2840 1372 2871; x_wconf 68' lang='lat' dir='ltr'>Clodium</span> <span class='ocrx_word' id='word_1_379' title='bbox 1399 2839 1468 2869; x_wconf 85' lang='lat' dir='ltr'>iure</span> <span class='ocrx_word' id='word_1_380' title='bbox 1495 2837 1651 2868; x_wconf 85' lang='lat' dir='ltr'>occiderit</span> 
     </span>
     <span class='ocr_line' id='line_1_44' title="bbox 152 2885 1038 2929; baseline 0.003 -13"><span class='ocrx_word' id='word_1_381' title='bbox 152 2885 258 2925; x_wconf 82' lang='lat' dir='ltr'>Milo‘,</span> <span class='ocrx_word' id='word_1_382' title='bbox 285 2886 432 2918; x_wconf 80' lang='lat' dir='ltr'>incidens</span> <span class='ocrx_word' id='word_1_383' title='bbox 458 2893 541 2927; x_wconf 86' lang='lat' dir='ltr'>,uter</span> <span class='ocrx_word' id='word_1_384' title='bbox 565 2888 630 2919; x_wconf 88' lang='lat' dir='ltr'>utri</span> <span class='ocrx_word' id='word_1_385' title='bbox 654 2888 791 2920; x_wconf 85' lang='lat' dir='ltr'>insidias</span> <span class='ocrx_word' id='word_1_386' title='bbox 817 2888 1038 2929; x_wconf 79' lang='lat' dir='ltr'>compararit‘.</span> 
     </span>
    </p>
   </div>
  </div>
 </body>
</html>
