1945 3073
123 591 417 643 Kap.1-—V,
453 587 810 632 Exordium
840 583 1186 644 προοίμιον
1213 583 1527 635 ausgehend.
1543 595 1653 628 von

157 667 255 711 der
291 665 615 719 iniquitas
649 665 1024 716 temporum
1058 661 1161 705 wie
1195 660 1281 704 die
1306 660 1618 704 Miloniana.

745 779 956 830 Kapitel
989 778 1019 815 I.

233 865 340 906 Credo
371 879 435 918 ego
474 879 532 906 vos
564 861 710 918 mirari}
771 864 853 902 Das
889 876 1041 914 genus
1085 876 1247 900 unserer
1276 860 1387 898 Rede
1427 862 1476 898 ist
1515 861 1584 899 das
1615 876 1651 912 g.

122 932 448 979 admirabile,
479 930 750 984 παράδοξον.
782 931 915 970 Ueber
937 930 1000 968 die
1022 929 1114 966 funf
1140 942 1286 979 genera
1317 941 1521 965 causarum
1552 942 1580 967 5.
1614 928 1652 966 (1.

121 999 224 1037 Note
255 1001 302 1036 11
348 1013 434 1036 zum
467 999 753 1048 Argumentum
794 997 916 1035 schol.
956 995 1077 1036 Gron.
1118 1010 1156 1046 p.
1190 997 1258 1044 18,
1303 1008 1361 1031 wo
1402 993 1465 1032 die
1505 994 1653 1033 Stellen

122 1079 191 1103 aus
222 1065 298 1103 den
327 1065 527 1103 Rhetoren
572 1064 781 1115 mitgeteilt
818 1063 919 1101 sind.
977 1063 1089 1100 Nach
1135 1061 1222 1100 dem
1267 1074 1391 1112 genus
1437 1061 1507 1099 der
1544 1061 1655 1100 Rede

120 1132 260 1170 richtet
289 1132 370 1170 sich
401 1132 465 1170 (116
495 1145 619 1182 ganze
637 1131 794 1181 Anlage
821 1130 888 1168 des
908 1129 1177 1168 Prooemiums
1210 1128 1308 1178 (vgl.
1334 1127 1413 1167 Cic.
1440 1128 1525 1165 InV.
1549 1128 1578 1176 Ι,
1603 1131 1651 1166 21

121 1199 188 1250 qui
230 1198 332 1237 bene
375 1198 549 1236 exordiri
592 1211 748 1236 causam
788 1197 914 1244 volet,
961 1210 1048 1242 eum
1087 1209 1246 1234 necesse
1293 1203 1352 1232 est
1396 1209 1520 1245 genus
1561 1209 1655 1233 suae

122 1279 263 1303 causae
295 1265 505 1315 diligenter
535 1271 625 1302 ante
656 1263 933 1315 cognoscere),
978 1265 1050 1301 wie
1090 1263 1192 1301 denn
1231 1262 1301 1299 das
1332 1262 1444 1300 WVort
1481 1263 1655 1299 mirari

121 1346 183 1369 am
213 1332 374 1382 Anfang
405 1345 566 1370 unserer
594 1331 706 1369 Rede
734 1331 845 1369 recht
877 1330 1049 1368 deutlich
1082 1330 1153 1367 auf
1179 1329 1248 1366 das
1279 1343 1317 1379 g.
1348 1329 1655 1366 admirabile

119 1399 318 1445 hinweist3
369 1399 418 1437 cf.
457 1398 597 1450 Sulpit.
630 1398 733 1436 Vict.
771 1412 809 1449 p.
844 1399 944 1444 316,
987 1398 1038 1435 32
1070 1396 1120 1434 H.
1164 1395 1506 1444 ,admirabilis
1552 1397 1654 1434 enim

121 1476 239 1504 causa
265 1473 323 1503 est
353 1466 494 1517 (quare
525 1472 589 1504 est
612 1479 635 1502 a
665 1465 824 1514 ,mirari‘
847 1464 984 1515 dicta),
1014 1476 1115 1515 quae
1138 1462 1227 1500 talis
1253 1462 1354 1500 facie
1384 1463 1471 1514 ipsa
1500 1463 1656 1501 videtur

120 1532 289 1584 talisque
319 1532 423 1584 apud
455 1533 678 1583 opinionem
697 1531 871 1569 iudicum
895 1531 1024 1582 coepit
1053 1543 1149 1578 esse,
1179 1536 1222 1567 ut
1240 1529 1492 1578 admirentur,
1522 1543 1655 1581 quem-

121 1612 237 1650 quam
283 1599 339 1636 ad
391 1598 735 1637 defensionem
781 1599 888 1636 61115
933 1597 1208 1645 accedere‘3
1266 1609 1315 1633 ex
1356 1595 1472 1635 Grill.
1518 1610 1654 1637 comm.

119 1678 157 1716 p.
190 1666 288 1714 600,
330 1667 380 1703 34
411 1665 462 1703 H.
508 1666 561 1714 ,in
600 1664 889 1702 admirabili
918 1678 1103 1715 genere
1144 1676 1285 1701 causae
1325 1664 1445 1700 animi
1481 1663 1654 1701 iudicum

121 1732 335 1770 abalienati
372 1739 483 1781 sunt,
526 1731 566 1769 id
608 1738 665 1770 est
712 1733 954 1782 irascuntur,
1006 1731 1107 1768 sicut
1150 1731 1191 1767 in
1228 1730 1494 1769 Rosciana.
1555 1730 1654 1781 Quis

122 1798 224 1836 enim
254 1813 331 1836 non
362 1805 586 1848 moveatur,
631 1798 700 1836 ubi
731 1798 902 1836 audierit
930 1799 1098 1836 occisum
1129 1810 1152 1834 a
1181 1796 1261 1834 filio
1290 1803 1440 1847 patrem
1472 1804 1539 1835 aut
1568 1812 1653 1835 cum

121 1864 265 1902 viderit
284 1865 343 1902 ad
375 1865 724 1904 defensionem
748 1878 889 1902 causae
903 1865 1068 1902 tironem
1093 1863 1338 1901 accedere
1365 1863 1610 1902 defensorem
1621 1864 1655 1902 ‘3‘

123 1930 211 1968 Den
250 1931 459 1969 Ausdruck
502 1932 566 1980 ,ad
610 1931 879 1970 defensionem
928 1930 1128 1969 accedere‘
1176 1930 1395 1980 gebraucht
1439 1931 1539 1968 auch
1586 1931 1655 1969 der

122 1997 244 2036 schol.
276 1996 345 2035 Gr.
377 2011 424 2035 zu
453 1998 478 2048 ξ
512 2000 547 2036 1.
594 2021 642 2027 ——
701 1998 758 2035 Zu
789 1997 865 2036 den
896 1996 1227 2048 Anfangsworten
1258 1996 1403 2035 credo
1435 2011 1525 2047 ego
1555 2012 1654 2048 vos,

122 2064 347 2112 iudices,
377 2065 554 2103 mirari
584 2064 664 2114 vgl.
699 2064 782 2102 Liv.
815 2066 887 2113 21,
927 2066 996 2111 21,
1028 2065 1051 2101 3
1083 2062 1235 2101 credo
1274 2077 1360 2114 ego
1401 2078 1504 2112 vos,
1549 2066 1654 2113 socii,

123 2137 162 2169 et
190 2131 296 2181 ipsos
337 2144 497 2169 cernere
533 2130 613 2168 und
651 2131 758 2169 Diet.
800 2130 905 2169 Cret.
937 2131 989 2181 ΙΙ,
1023 2133 1070 2168 21
1120 2130 1176 2181 (p.
1209 2131 1274 2181 30,
1306 2131 1357 2168 38
1388 2130 1460 2180 M.)
1506 2130 1652 2169 credo

123 2210 210 2247 ego
240 2210 345 2247 vos,
376 2197 541 2235 Troiani
570 2198 777 2249 principes,
809 2200 902 2235 satis
935 2200 1176 2249 compertum
1205 2196 1366 2235 habere.
1419 2197 1552 2235 Ueber
1585 2197 1654 2235 das

122 2263 301 2301 sehwach
349 2263 508 2302 betonte
559 2268 677 2315 ‚ego‘
730 2265 769 2302 in
808 2265 1120 2315 Redeanfa'ngen
1165 2263 1264 2302 nach
1315 2264 1438 2312 scio,
1487 2263 1653 2315 credo,

123 2344 292 2382 saepe,
335 2331 444 2381 iam,
494 2344 577 2368 cur
616 2345 653 2369 u.
686 2345 721 2371 a.
759 2345 789 2369 s.
820 2332 1104 2370 Weissenborn
1146 2345 1194 2368 zu
1220 2331 1306 2368 Liv.
1340 2332 1375 2375 2,
1411 2333 1472 2379 15,
1504 2333 1541 2368 5.
1601 2331 1653 2369 So

124 2403 213 2447 sagt
257 2396 377 2435 sehon
419 2396 516 2435 Cato
546 2397 586 2434 in
623 2398 730 2436 einer
758 2397 868 2436 Rede
907 2413 945 2450 p.
978 2399 1028 2436 33
1066 2397 1182 2437 Jord.
1213 2394 1373 2451 ,[8610]
1416 2411 1503 2447 ego
1536 2404 1653 2449 atque

126 2464 203 2501 iam
250 2464 402 2515 pridem
450 2465 617 2514 cognovi
657 2469 774 2516 atque
825 2465 1014 2504 intellexi‘
1061 2464 1141 2502 und
1187 2478 1249 2501 am
1292 2464 1478 2514 Anfange
1526 2464 1654 2502 seiner

124 2529 272 2568 schrift
320 2530 367 2567 de
422 2544 465 2568 re
517 2530 677 2568 militari
737 2546 775 2583 p.
817 2533 890 2582 80,
942 2535 960 2570 1
1015 2532 1134 2581 ,scio
1188 2545 1209 2569 e
1230 2545 1256 2582 g
1275 2545 1295 2569 o
1356 2544 1457 2582 quae
1510 2532 1654 2581 scripta

124 2603 214 2634 sunt
268 2597 299 2634 51
353 2597 484 2648 palam
538 2598 809 2649 proferantur,
879 2598 1061 2636 multos
1116 2599 1222 2636 fore
1279 2598 1361 2649 qui
1412 2596 1653 2646 vitilitigent,

71 2669 74 2673 '
124 2662 193 2701 sed
236 2664 263 2700 ii
312 2664 557 2714 potissimum
603 2663 685 2715 qui‘
731 2671 804 2703 etc.
853 2666 917 2703 ein
965 2665 1148 2715 Anfang,
1210 2678 1259 2701 an
1307 2664 1382 2701 den
1422 2664 1537 2712 jener
1583 2663 1652 2700 der

123 2729 273 2767 schrift
303 2729 385 2768 Cic.
425 2730 474 2769 de
515 2731 580 2768 fin.
613 2731 782 2769 erinnert
825 2744 931 2780 ,non
966 2745 1093 2770 eram
1136 2731 1352 2778 nescius,
1399 2743 1506 2777 cum,
1552 2743 1652 2780 quae

125 2826 134 2836 .
168 2825 176 2834 .
206 2796 432 2848 philosophi
463 2827 471 2836 .
505 2827 513 2836 .
544 2811 687 2848 graeco
718 2810 895 2836 sermone
925 2799 1219 2849 tractavissent,
1257 2810 1304 2835 ea
1333 2796 1483 2834 Latinis
1513 2795 1653 2834 litteris

124 2863 421 2915 mandaremus,
463 2864 566 2901 fore
596 2871 647 2902 ut
676 2863 740 2902 hic
769 2864 881 2902 labor
921 2871 1055 2902 noster
1094 2865 1137 2901 in
1176 2865 1351 2901 varias
1382 2877 1465 2914 rep
1480 2863 1651 2901 rehen-

1697 858 1791 908 §L
