1820 3068
494 80 565 120 Pro
593 85 675 121 Sex.
700 84 836 120 Roscio
864 96 894 119 c.
922 86 967 120 50
993 88 1011 126 ἓ
1039 85 1237 121 144-147.
1557 85 1609 126 &l

117 196 196 238 sibi
227 209 301 250 per
330 200 370 237 te
400 197 524 237 liceat
548 195 757 237 innocenti
789 194 1015 236 amicorum
1038 194 1186 248 opibus
1210 195 1337 235 vitam
1358 194 1398 235 in
1421 199 1610 248 egestate

116 263 282 316 degere.
341 262 386 302 L,
426 261 605 303 Praedia
636 275 729 303 mea
757 265 799 302 tu
824 260 1028 314 possides,
1061 274 1140 313 ego
1164 260 1302 301 aliena
1325 260 1678 302 misericordia145

116 329 229 381 vivo3
277 328 478 381 concedo,
518 332 558 369 et
588 327 698 380 quod
728 328 891 368 animus
924 340 1080 380 aequus
1113 331 1195 378 est,
1242 330 1282 367 et
1312 327 1410 378 quia
1439 340 1611 369 necesse

117 399 192 437 est.
252 394 346 436 Mea
375 394 521 436 domus
551 394 625 435 tibi
656 397 791 448 patet,
836 393 935 434 mihi
976 393 1120 434 clausa
1150 396 1230 443 est3
1275 392 1377 433 fero.
1434 392 1614 435 Familia

117 473 211 502 mea
240 460 424 502 maxima
454 466 497 501 tu
527 460 673 512 uteris,
707 474 786 514 ego
817 473 982 501 servum
1016 459 1151 500 habeo
1184 458 1360 510 nullum3
1406 459 1543 512 patior
1575 464 1615 501 et

116 527 332 569 ferendum
370 531 482 581 puto.
541 526 650 576 Quid
696 527 758 568 vis
802 526 1013 580 amplius?
1063 525 1162 578 quid
1209 524 1464 578 insequeris,
1515 525 1613 577 quid

117 593 373 649 oppugnas?
403 605 486 645 qua
514 591 556 632 in
587 605 630 633 re
661 597 773 633 tuam
800 594 1056 634 voluntatem
1088 590 1199 632 laedi
1222 604 1246 631 a
1270 604 1335 632 me
1359 591 1514 645 putas?
1544 591 1612 632 ubi

117 661 199 701 tuis
231 659 461 702 commodis
491 659 662 700 officio?
706 659 804 712 quid
834 659 909 700 tibi
940 658 1093 700 obsto?
1150 658 1194 699 Si
1227 657 1454 711 spoliorum
1487 670 1615 699 causa

117 727 179 769 vis
210 726 420 768 hominem
451 726 662 778 occidere,
709 725 922 779 spoliasti3
975 725 1073 778 quid
1118 724 1285 778 quaeris
1323 724 1535 777 amplius?
1579 724 1615 764 si

117 792 448 841 inimicitiarum,
496 805 603 845 quae
634 797 728 833 sunt
757 792 831 833 tibi
867 791 1108 833 inimicitiae
1141 803 1232 832 cum
1264 803 1331 842 eo,
1373 790 1487 832 cuius
1519 794 1614 831 ante

117 859 291 913 praedia
319 859 557 913 possedisti,
590 872 712 912 quam
744 859 879 912 ipsum
904 857 1170 912 cognovisti?
1203 857 1237 898 si
1258 861 1405 908 metus,
1437 857 1490 897 ab
1512 869 1615 898 eone

117 925 275 978 aliquid
307 926 468 977 metuis,
498 939 618 979 quem
651 925 768 966 vides
798 925 934 979 ipsum
965 925 1018 965 ab
1050 928 1199 966 setam
1219 928 1402 965 atrocem
1422 923 1615 965 iniuriam

117 993 364 1046 propulsare
395 1005 477 1033 non
504 992 660 1045 posse?
691 992 767 1042 sin,
800 990 910 1044 quod
941 991 1065 1041 bona,
1098 1004 1204 1043 quae
1234 990 1330 1032 Sex,
1361 990 1500 1032 Roscii
1531 992 1614 1032 fue-

117 1062 222 1109 runt,
253 1061 324 1098 tua
356 1058 468 1099 facta
499 1062 606 1111 sunt,
638 1057 795 1099 idcirco
826 1058 936 1098 hunc
966 1057 1077 1098 illius
1109 1057 1237 1097 filium
1260 1056 1402 1098 studes
1425 1057 1615 1111 perdere,

117 1137 253 1165 nonne
272 1124 459 1165 ostendis
475 1123 519 1165 id
537 1127 576 1165 te
600 1125 747 1175 vereri,
777 1123 887 1177 quod
904 1127 1071 1177 praeter
1089 1127 1248 1165 ceteros
1265 1127 1307 1165 tu
1326 1127 1508 1164 metuere
1533 1137 1615 1164 non

117 1191 287 1243 debeas,
319 1204 370 1233 ne
390 1191 556 1244 quando
572 1190 714 1232 liberis
732 1190 1056 1245 proscriptorum
1074 1190 1186 1231 bona
1203 1189 1342 1244 patria
1357 1189 1583 1231 reddantur
1596 1190 1617 1230 ⁶?

226 1258 349 1299 Facis
380 1257 585 1308 iniuriam,
619 1257 915 1311 Chrysogone,
947 1257 981 1297 si
1012 1256 1212 1298 maiorem
1244 1270 1362 1310 spem
1394 1256 1616 1309 emptionis
1632 1266 1684 1290 146

117 1328 213 1364 tuae
244 1324 285 1364 in
316 1324 438 1365 huius
469 1324 595 1365 exitio
637 1324 759 1378 ponis
791 1337 914 1376 quam
946 1323 987 1364 in
1018 1323 1069 1364 iis
1099 1323 1245 1373 rebus,
1286 1335 1389 1376 quas
1421 1322 1466 1362 L.
1500 1322 1618 1363 Sulla

117 1390 258 1443 gessit.
322 1389 481 1439 Quodsi
513 1390 586 1431 tibi
617 1403 746 1431 causa
774 1390 890 1431 nulla
921 1394 996 1442 est,
1029 1403 1100 1431 cur
1131 1390 1240 1431 hunc
1272 1389 1469 1431 miserum
1500 1393 1618 1430 tanta

118 1455 356 1498 calamitate
387 1456 509 1497 adfici
543 1457 661 1508 velis,
695 1456 730 1497 si
761 1456 835 1497 tibi
866 1456 1006 1497 omnia
1036 1469 1113 1497 sua
1142 1460 1309 1510 praeter
1329 1456 1510 1497 animam
1535 1459 1616 1496 tra-

117 1522 223 1564 didit
253 1536 329 1564 nec
359 1523 439 1563 sibi
469 1523 689 1577 quicquam
717 1527 933 1577 paternum
956 1536 1007 1564 ne
1030 1523 1284 1564 monumenti
1305 1522 1470 1576 quidem
1490 1535 1619 1564 causa

118 1589 226 1629 clam
256 1590 507 1642 reservavit,
540 1603 614 1644 per
645 1590 746 1631 deos
772 1590 1049 1642 immortales,
1082 1603 1189 1642 quae
1220 1590 1301 1630 ista
1325 1594 1442 1630 tanta
1472 1589 1617 1630 crude-

116 1655 212 1696 litas
244 1659 324 1707 est,
371 1669 478 1709 quae
508 1661 592 1697 tam
624 1656 714 1697 fera
750 1655 1028 1708 immanisque
1058 1656 1238 1697 natura?
1289 1656 1392 1706 Quis
1422 1669 1618 1709 umquam

117 1721 275 1775 praedo
308 1722 385 1763 fuit
413 1726 498 1763 tam
530 1723 730 1773 nefarius,
762 1723 854 1775 quis
886 1722 1023 1776 pirata
1053 1726 1136 1763 tam
1168 1723 1393 1774 barbarus,
1425 1726 1487 1774 ut,
1525 1735 1617 1763 cum

117 1789 324 1841 integram
355 1788 554 1842 praedam
587 1789 677 1830 sine
699 1789 904 1842 sanguine
925 1789 1081 1830 habere
1105 1793 1260 1842 posset,
1292 1793 1463 1830 cruenta
1483 1788 1620 1842 spolia

119 1854 338 1896 detrahere
369 1855 543 1896 mallet?
582 1855 674 1897 Scis
705 1856 815 1897 hunc
844 1855 947 1896 nihil
979 1855 1147 1906 habere,
1180 1855 1282 1896 nihil
1314 1855 1483 1907 audere,
1515 1854 1618 1895 nihil
1633 1866 1684 1890 147

118 1933 263 1975 posse,
308 1921 412 1962 nihil
443 1934 637 1974 umquam
685 1926 830 1964 contra
860 1935 945 1963 rem
976 1927 1088 1963 tuam
1121 1922 1354 1974 cogitasse,
1399 1925 1439 1962 et
1478 1926 1617 1962 tamen

118 2000 340 2042 oppugnas
370 2000 475 2039 eum,
507 2001 627 2041 quem
658 2001 792 2041 neque
823 1993 1006 2030 metuere
1036 1992 1156 2042 potes
1174 2000 1308 2040 neque
1329 1986 1468 2028 odisse
1490 1986 1618 2028 debes

118 2067 196 2096 nec
225 2054 444 2107 quicquam
494 2053 577 2094 iam
617 2053 773 2095 habere
812 2054 960 2107 reliqui
1008 2055 1147 2107 vides,
1187 2053 1298 2107 quod
1330 2053 1367 2094 ei
1398 2053 1618 2094 detrahere

118 2120 274 2174 possis,
308 2120 388 2161 nisi
419 2122 497 2162 hoc
528 2120 746 2174 indignum
774 2124 909 2174 putas,
943 2121 1054 2174 quod
1084 2121 1278 2162 vestitum
1310 2119 1456 2161 sedere
1486 2120 1527 2159 in
1558 2119 1616 2160 iu-

120 2186 228 2228 dicio
259 2186 389 2236 vides,
421 2199 542 2240 quem
561 2190 603 2228 tu
629 2200 651 2229 e
676 2187 927 2241 patrimonio
951 2191 1163 2241 tamquam
1183 2201 1203 2228 e
1220 2186 1444 2240 naufragio
1462 2185 1617 2227 nudum

119 2253 327 2308 expulisti.
372 2252 503 2302 Quasi
533 2266 632 2295 vero
663 2254 828 2295 nescias
860 2254 968 2295 hunc
999 2259 1038 2295 et
1067 2254 1123 2295 ali
1154 2259 1193 2295 et
1210 2253 1351 2294 vestiri
1378 2253 1617 2304 aCaecilia,

119 2320 316 2361 Baliarici
337 2319 436 2370 filia,
467 2319 642 2373 Nepotis
663 2333 818 2371 sorore,
849 2321 1158 2374 spectatissima
1189 2320 1358 2373 femina,
1389 2332 1496 2373 quae
1527 2332 1617 2360 cum

119 2390 278 2440 patrem
297 2386 585 2436 clarissimum,
606 2387 888 2440 amplissimos
908 2391 1095 2441 patruos,
1116 2387 1425 2428 ornatissimum
1447 2386 1618 2426 fratrem

120 2453 306 2505 haberet,
331 2456 483 2504 tamen,
508 2465 598 2494 cum
617 2458 728 2495 esset
758 2454 925 2507 mulier,
972 2454 1121 2495 virtute
1151 2453 1346 2506 perfecit,
1378 2457 1433 2505 ut,
1465 2456 1619 2505 quanto

120 2519 277 2560 honore
308 2518 403 2572 ipsa
433 2532 485 2560 ex
514 2518 679 2560 illorum
708 2520 913 2573 dignitate
943 2520 1204 2573 adficeretur,
1235 2533 1315 2561 non
1347 2520 1508 2560 minora
1538 2519 1619 2559 illis

122 2590 367 2628 ornamenta
389 2598 441 2626 cx
463 2598 540 2626 sua
563 2585 688 2627 laude
719 2586 925 2629 redderet.

219 2677 362 2711 Testim.
387 2679 454 2711 vet.

217 2739 236 2778 ξ
266 2736 343 2772 145.
394 2734 570 2770 Arusian.
596 2734 704 2771 Mess.
733 2735 800 2772 VII
826 2747 861 2780 p.
886 2736 967 2779 493,
994 2737 1014 2771 5
1042 2735 1084 2770 Κ.
1112 2735 1240 2770 Cicero
1266 2744 1333 2778 pro
1358 2733 1533 2768 Roscio
1561 2731 1619 2776 ,ab

122 2805 216 2830 eone
241 2794 378 2839 aliquid
404 2794 537 2830 metuis
548 2796 575 2828 ‘2‘

157 2853 363 2885 Landgraf,
392 2853 451 2879 Cic.
471 2854 552 2879 Rede
573 2853 593 2879 f.
613 2852 680 2879 Sex.
703 2854 789 2879 Rose.
1318 2850 1343 2892 6
