1820 3068
523 138 593 172 Pro
621 138 702 173 Sex.
729 137 867 173 Roscio
893 148 924 172 e.
950 139 970 174 7
999 141 1017 179 s
1045 140 1195 174 18—20.
1551 136 1603 179 ‘20

115 262 288 303 cumque
332 262 376 290 se
422 248 634 290 voluntate
676 249 807 302 patris
851 249 911 290 rei
956 248 1153 290 familiari
1195 248 1388 300 vitaeque
1426 248 1605 289 rusticae

114 316 320 366 dedisset,
351 315 429 357 iste
461 319 598 356 autem
629 315 823 368 frequens
856 316 1013 357 Romae
1045 318 1171 363 esset,
1205 314 1403 355 occiditur
1433 314 1487 354 ad
1518 314 1604 355 bal-

112 396 215 424 neas
246 381 483 424 Pallacinas
514 381 679 422 rediens
712 395 736 423 a
768 395 871 423 cena
899 382 995 424 Sex,
1027 381 1214 422 Roscius.
1274 380 1406 433 Spero
1447 393 1496 420 ex
1526 379 1606 421 hoc

112 449 204 504 ipso
235 462 317 490 non
349 461 440 490 esse
473 448 707 502 obscurum,
741 448 794 489 ad
819 461 940 501 quem
962 447 1143 501 suspicio
1162 445 1355 487 maleficii
1379 446 1605 499 pertineat3

113 528 256 557 verum
286 514 347 564 id,
394 513 505 567 quod
535 514 672 555 adhuc
703 519 765 556 est
795 512 1093 567 suspiciosum,
1136 512 1215 553 nisi
1246 514 1508 567 perspicuum
1540 525 1607 553 res

112 582 206 636 ipsa
236 581 393 633 fecerit,
425 581 535 622 hunc
565 580 743 622 adfinem
777 581 924 634 culpae
955 579 1195 621 iudicatote.

224 646 374 689 Occiso
425 646 525 689 Sex·
569 647 722 689 Roscio
769 648 926 701 primus
975 646 1185 687 Ameriam
1233 645 1396 685 nuntiat
1441 643 1657 684 Malliusw

114 713 291 755 Glaucia
321 713 512 766 quidam,
555 714 678 756 homo
709 714 865 766 tenuis,
896 713 1127 764 libertinus,
1160 712 1288 753 cliens
1320 716 1360 752 et
1390 710 1608 751 familiaris

112 780 230 821 istius
260 779 307 821 T.
337 780 489 830 Roscii,
521 785 561 822 et
590 781 752 822 nuntiat
782 780 948 821 domum
979 793 1061 820 non
1091 778 1178 830 filii,
1210 778 1283 819 sed
1315 777 1360 818 T.
1393 776 1609 830 Capitonis

113 846 290 887 inimici:
331 851 372 887 et
416 860 506 888 cum
551 851 645 900 post
691 847 836 888 horam
876 846 1052 900 primam
1099 845 1232 886 noctis
1283 844 1446 886 occisus
1486 848 1608 893 esset,

113 913 246 967 primo
277 912 457 954 diluculo
488 914 655 954 nuntius
687 913 754 955 hic
779 913 988 954 Ameriam
1019 912 1142 952 venit.
1182 912 1338 952 Decem
1370 910 1482 951 boris
1514 922 1608 950 noc·-

113 980 242 1020 turnis
273 991 348 1020 sex
387 984 427 1020 et
458 980 763 1033 quinquaginta
801 980 916 1020 milia
961 991 1161 1032 passuum
1206 977 1318 1018 cisiis
1362 976 1608 1030 pervolavit,

112 1048 208 1087 non‘
225 1045 349 1087 modo
380 1050 423 1086 ut
454 1051 695 1099 exoptatum
725 1046 892 1087 inimico
917 1047 1102 1086 nuntium
1127 1044 1282 1097 primus
1306 1043 1501 1094 adferret,
1534 1042 1609 1084 sed

113 1112 238 1154 etiam
269 1124 455 1154 cruorem
487 1112 641 1153 inimici
691 1125 814 1165 quam
854 1111 1183 1152 recentissimum
1230 1111 1438 1163 telumque
1483 1109 1608 1162 paulo

113 1183 207 1220 ante
241 1192 262 1220 e
301 1191 474 1232 corpore
507 1183 737 1220 extractum
769 1177 1018 1219 ostenderet.
1080 1176 1347 1226 Quadriduo,
1393 1189 1473 1229 quo
1504 1175 1608 1216 haec
1623 1182 1658 1207 20

112 1249 233 1299 gesta
263 1249 378 1297 sunt,
416 1257 484 1286 res
530 1244 585 1286 ad
618 1245 937 1299 Chrysogonum
979 1244 1020 1285 in
1058 1249 1195 1285 castra
1234 1243 1279 1284 L.
1311 1243 1453 1284 Sullae
1485 1242 1608 1283 Vola-

209 1395 354 1430 Testc‘m.
383 1399 450 1431 vet.

207 1458 225 1497 ἓ
253 1455 308 1491 18.
358 1454 462 1490 Non.
489 1465 524 1499 p.
553 1455 630 1496 194,
657 1454 678 1489 S
705 1452 852 1488 occisus
879 1457 937 1488 est
962 1452 1010 1487 ad
1036 1451 1191 1488 balneas
1217 1453 1437 1487 Pallacenas
1463 1451 1610 1487 rediens

111 1523 134 1547 a
159 1523 250 1548 cena
276 1512 312 1547 S.
339 1513 515 1555 Roscius;
559 1509 796 1548 Priscian.
826 1513 877 1547 ΙΙΙ
905 1523 939 1556 p.
967 1513 1029 1555 37,
1059 1513 1103 1548 26
1131 1512 1174 1546 H.
1216 1511 1275 1555 ‚ad
1309 1511 1464 1546 balneas
1490 1512 1609 1545 Palla-

112 1573 225 1607 cinas‘
251 1571 322 1607 hoc
349 1575 405 1608 est
430 1573 544 1616 ,iuxta
568 1572 759 1614 balneas‘;
795 1571 974 1606 Procae
1002 1581 1060 1606 ars
1090 1571 1121 1605 V
1150 1581 1185 1614 p.
1200 1571 1288 1611 426,
1316 1572 1362 1606 24
1388 1571 1430 1605 Κ.
1457 1571 1610 1612 Tullius,

112 1631 159 1666 ad
187 1631 339 1666 balneas
365 1631 606 1674 Pallacinas‘3
634 1631 760 1665 Serv.
789 1641 917 1665 comm.
943 1631 979 1664 in
1008 1631 1099 1664 Don.
1129 1630 1176 1664 IV
1202 1641 1237 1674 p.
1264 1631 1344 1671 431,
1372 1632 1416 1667 30
1441 1629 1485 1664 K.
1513 1630 1608 1664 occi-

112 1701 175 1726 sus
203 1695 260 1725 est
285 1690 332 1725 ad
358 1690 510 1726 balneas
525 1690 716 1733 Pallicias;
750 1689 935 1732 Pompei
962 1699 1089 1724 comm.
1117 1690 1142 1721 V
1170 1699 1205 1732 p.
1229 1690 1305 1730 162,
1325 1690 1369 1725 24
1397 1689 1437 1723 K.
1467 1688 1611 1723 occisus

113 1753 170 1785 est
195 1759 218 1784 a
245 1748 390 1785 balneis
416 1749 604 1784 Pallaceni
631 1758 653 1782 a
679 1758 773 1783 cena
798 1749 946 1784 rediens
973 1749 1113 1783 Romae
1140 1747 1273 1783 Sextus
1300 1747 1468 1783 Roscius.

209 1808 329 1843 Schol.
359 1808 422 1844 Gr.

206 1867 291 1902 Rei
317 1866 559 1911 familiari]
600 1867 681 1902 Hoc
717 1866 820 1909 ideo,
862 1866 949 1911 quia
986 1865 1159 1902 dicebant
1195 1866 1266 1907 illi,
1306 1864 1488 1900 abiectum
1515 1864 1611 1899 hunc

113 1926 230 1962 fuisse
258 1936 280 1961 a
305 1930 421 1970 patre,
449 1925 587 1960 idcirco
611 1926 710 1960 illum
735 1925 979 1968 interfecisse,
1005 1925 1112 1960 dicit:
1140 1925 1325 1966 ,voluntas
1352 1924 1448 1968 patri
1474 1934 1610 1967 aequa—

112 1986 157 2020 lis
183 1985 282 2020 circa
309 1982 422 2019 filium
450 1983 542 2018 fuit‘.

209 2047 227 2085 ξ
256 2044 310 2080 19.
360 2043 536 2078 Primus
564 2043 807 2088 Ameriam]
843 2044 965 2087 Ipsum
1000 2043 1078 2077 vult
1104 2042 1221 2077 videri
1249 2042 1448 2077 immissum
1463 2042 1514 2086 ³),
1549 2040 1611 2086 qui

114 2102 301 2138 occideret
316 2102 352 2146 ⁴)
381 2101 568 2137 Roscium.
1274 2133 1288 2147 ⁴

208 2160 413 2205 Quidam]
442 2161 588 2204 Duplex
614 2170 728 2196 causa
753 2160 999 2195 necessitatis.
1036 2160 1128 2194 Nam
1154 2159 1308 2195 tenuis
1336 2158 1518 2203 corrumpi
1544 2169 1609 2203 po-

113 2221 202 2265 tuit;
229 2219 484 2255 libertinus
503 2221 553 2264 ⁵),
581 2219 643 2264 qui
670 2220 781 2255 etiam
808 2218 998 2253 metuebat
1027 2218 1280 2263 offende1·e⁶).

208 2279 377 2324 Cliens]
409 2279 489 2313 Hoc
519 2279 685 2313 nimirum
702 2280 759 2322 Ἰ),
797 2282 836 2311 ut
862 2277 909 2311 ab
935 2277 1091 2312 inimicis
1107 2279 1142 2323 ⁸)
1179 2278 1226 2312 ad
1254 2277 1405 2312 caedem
1432 2276 1610 2312 suborna-

113 2342 173 2374 tus
199 2338 258 2381 sit,
286 2338 418 2382 quibus
443 2338 523 2373 sine
550 2337 661 2372 dubio
689 2336 851 2372 debebat
877 2336 1106 2380 obsequium.

209 2396 342 2441 Oisis]
370 2407 487 2442 genus
509 2396 667 2432 vehiculi
692 2396 908 2440 Gallicissb).

208 2456 531 2491 Volaterrana
557 2456 688 2490 civitas
715 2455 867 2498 dicitur,
903 2464 998 2499 quae
1034 2454 1212 2498 praecisis
1245 2453 1405 2497 undique
1433 2451 1611 2487 lateribus

210 2563 244 2602 3)
272 2562 310 2593 E.
337 2573 368 2603 p.
398 2565 438 2593 19
465 2562 532 2593 will
559 2562 735 2593 missum
762 2563 813 2592 fiir
836 2560 1021 2592 immissum
1046 2561 1147 2598 lesen,
1174 2560 1234 2591 mit
1256 2560 1424 2597 Unreoffl,
1452 2559 1505 2589 im
1515 2558 1610 2589 mit-

114 2615 207 2640 tere
232 2610 274 2640 ist
299 2610 359 2640 wie
385 2610 565 2640 subornare
592 2610 793 2641 vocabulum
818 2609 988 2649 proprium
1016 2610 1066 2638 fiir
1090 2618 1188 2638 unser
1215 2607 1393 2645 „anstiften
1419 2617 1458 2636 zu
1476 2608 1609 2636 etwas&

115 2675 158 2679 -—
188 2657 221 2697 4)
253 2658 328 2688 Seh.
357 2657 522 2688 occiderit.
568 2675 611 2679 —-
663 2659 697 2698 5)
724 2657 804 2688 Allc
830 2656 1061 2694 Herausgeber
1084 2655 1368 2695 interpungieren:
1395 2664 1473 2684 nain
1500 2652 1606 2683 tenuis

114 2704 281 2744 corrumpi
306 2705 414 2745 potuit
437 2704 626 2742 libertinus,
662 2704 720 2745 qui
746 2709 826 2741 etc.;
865 2703 967 2734 allein
994 2713 1027 2733 es
1053 2702 1094 2733 ist
1118 2703 1283 2739 offeubar,
1316 2703 1392 2731 dass
1425 2702 1482 2730 (101·
1507 2700 1610 2730 Scho-

113 2751 192 2782 liast
227 2752 280 2782 die
314 2762 379 2782 von
414 2752 482 2783 Cic.
520 2752 747 2790 gebrauchten
772 2752 904 2782 VVOrter
944 2750 1085 2781 tenuis
1112 2760 1141 2780 11.
1176 2748 1413 2779 libertinus
1446 2748 1610 2777 erl'auteru

114 2798 238 2838 wollte,
263 2799 323 2830 wie
348 2800 435 2830 auch
461 2800 521 2830 das
548 2800 702 2838 folgende
727 2798 879 2830 eliens.
911 2816 950 2820 -
1004 2801 1039 2839 6)
1066 2807 1108 2827 sc.
1135 2802 1324 2837 patronum.
1353 2813 1394 2816 —
1447 2795 1481 2835 7>
1508 2795 1608 2832 Vulg.

114 2846 236 2886 mire,
262 2846 302 2878 E.
328 2857 358 2887 p.
388 2849 429 2878 19
456 2846 669 2877 nimirum.
698 2864 740 2870 —
792 2848 826 2886 8)
854 2856 897 2876 sc.
924 2845 1002 2876 eius.
1030 2863 1069 2867 —
1124 2844 1181 2885 81))
1210 2854 1233 2874 s.
1261 2843 1357 2874 hiezu
1381 2841 1469 2872 Einl.
1496 2852 1526 2882 p.
1556 2845 1585 2874 6.
