1945 3073
270 110 351 151 348
812 111 959 155 Kapitel
986 110 1067 145 XLI
1094 114 1113 152 ἓ
1143 113 1220 147 121.

268 237 316 261 zu
345 223 487 274 gehen.
547 223 683 262 Cicero
715 225 810 262 aber
840 225 970 262 macht
1001 224 1182 274 ‹lagegen
1213 224 1394 274 gcltend,
1434 224 1523 262 dass
1554 224 1683 263 dieser
1712 225 1804 263 Satz

269 290 477 340 deswegen
522 290 605 328 hier
642 291 750 328 nicht
794 305 862 328 zur
894 291 1158 340 Anwendung
1198 291 1380 329 kommen
1419 292 1573 342 kenne,
1622 292 1710 329 weil
1742 291 1805 330 die

268 356 441 394 Sklaven
473 357 644 395 faktisch
671 359 770 407 jetzt
794 359 837 407 ja
870 359 976 395 nicht
1005 357 1114 394 mehr
1145 358 1232 394 dein
1257 357 1399 395 Sextus
1423 359 1587 396 Roscius
1617 358 1804 409 geh’oren7

268 423 439 460 sondern
483 423 570 461 dem
612 423 752 474 Capito
799 424 879 461 und
920 425 1101 473 Magnus.
1161 425 1238 461 Die
1274 425 1432 474 XVorte,
1479 425 1624 463 welche
1671 425 1806 462 diesen

269 490 462 528 Einwand
504 490 724 538 enthalten,
771 491 856 527 sind
896 492 935 526 in
974 490 1049 527 den
1085 489 1396 529 Handschriften
1436 491 1525 528 sehr
1568 491 1805 529 verdorben.

269 557 399 595 Meine
432 556 697 594 Emendation
731 557 861 594 macht
889 557 998 594 nicht
1029 557 1104 593 den
1136 556 1343 607 Anspruch
1383 560 1454 594 auf
1480 558 1681 608 Evidenz,
1718 571 1806 596 son-

269 623 366 661 dern
399 623 475 659 will
508 637 581 660 nur
613 625 676 660 ein
707 623 884 661 Versuch
924 624 1007 660 sein
1047 623 1109 660 die
1141 623 1263 660 Stelle
1299 623 1431 660 lesbar
1471 638 1518 661 zu
1548 624 1734 672 machen,
1774 638 1805 661 s.

269 690 304 729 d.
338 690 429 727 krit.
462 690 646 740 Anhang.
678 713 731 718 —
773 690 828 730 Ila
858 687 976 744 credo]
1010 690 1180 727 ironisch
1211 692 1265 739 ,ja
1295 689 1484 739 freilich‘3
1522 692 1570 728 cf.
1604 691 1715 730 Verr.
1748 691 1806 727 Ill

269 756 344 809 §8
376 757 538 794 Verrem
569 754 739 794 amatis?
780 757 858 794 Ita
889 757 1057 794 credo:
1103 759 1134 793 si
1172 771 1248 793 non
1286 757 1448 804 virtute,
1487 771 1564 794 non
1603 757 1807 808 industria,

268 837 343 860 non
364 824 599 871 innocentia,
625 838 703 861 non
724 824 887 874 pudore,
909 838 986 861 non
1005 824 1208 874 pudicitia,
1241 830 1281 861 at
1305 837 1497 871 sermone,
1530 832 1569 861 at
1599 824 1807 873 litteris,

269 897 307 928 at
335 891 652 928 humanitate
685 891 792 928 eius
820 890 1159 929 delectamini.
1203 889 1311 926 Nihil
1328 904 1461 927 eorum
1480 898 1559 943 est3
1592 905 1627 942 p.
1649 891 1807 942 Quinct.

269 957 294 1007 ξ
326 958 377 995 39
418 958 487 994 ita
525 957 688 997 credo:
738 958 934 995 hominem
973 959 1236 1008 propinquum
1278 985 1285 994 .
1318 989 1325 996 .
1360 986 1368 994 .
1411 957 1574 995 nolebas
1620 966 1688 996 aut
1730 972 1808 996 non

269 1023 445 1061 audebas
478 1024 681 1075 appellare
713 1054 721 1062 .
745 1054 752 1062 .
783 1054 791 1062 .
819 1025 865 1061 id
904 1032 1011 1062 erat
1040 1024 1291 1075 profecto.
1338 1047 1372 1051 -
1407 1022 1561 1077 ducitur]
1594 1041 1649 1058 z
1681 1024 1808 1062 delec-

271 1098 395 1139 tatur,
432 1091 511 1141 vgl.
546 1091 609 1128 die
640 1091 741 1128 oben
773 1092 922 1129 citierte
953 1090 1075 1128 Str-lle
1115 1104 1183 1127 aus
1215 1090 1328 1129 Verr.
1358 1091 1429 1141 lIl,
1462 1092 1485 1129 8
1523 1090 1601 1128 und
1641 1090 1737 1128 ibid.
1770 1091 1809 1127 ΙΙ

268 1159 293 1209 ξ
323 1160 398 1197 143
431 1159 585 1210 ‚quodsi
617 1172 730 1209 quem
764 1165 915 1195 statuae
949 1171 1093 1208 magno
1125 1171 1243 1207 opere
1276 1157 1558 1205 delectant,
1591 1163 1628 1194 et
1659 1159 1688 1194 si
1721 1158 1808 1209 quis

269 1239 403 1263 earum
425 1225 574 1263 honore
602 1233 668 1262 aut
696 1226 824 1276 gloria
847 1225 868 1261 (1
882 1225 1076 1263 ucitur‘.
1096 1247 1151 1252 --
1180 1224 1329 1264 omnium
1349 1223 1548 1264 deliciarum
1570 1252 1577 1260 .
1600 1253 1608 1261 .
1627 1220 1806 1278 puerulos]

270 1292 550 1342 „Biirschchen
582 1307 628 1329 zu
650 1291 1016 1342 Ergotzlichkeiten
1049 1291 1147 1327 aller
1174 1291 1248 1328 Art
1275 1290 1518 1339 gescliickt“.
1559 1291 1654 1328 Zum
1676 1291 1808 1327 Demi-

268 1360 380 1397 nutiv
409 1360 489 1409 vgl.
521 1360 546 1410 ξ
572 1361 663 1406 141,
695 1373 782 1396 zum
807 1358 976 1396 Genetiv
1006 1358 1083 1407 leg.
1116 1371 1199 1407 agr.
1224 1358 1258 1393 11
1291 1357 1316 1407 ξ
1341 1358 1391 1395 36
1423 1358 1660 1408 adiungetur
1691 1358 1808 1395 etiam

269 1426 338 1463 illa
366 1427 432 1463 via
452 1426 665 1464 vendibilis
683 1425 948 1475 Herculanea,
979 1425 1242 1461 multarum
1275 1424 1573 1461 deliciarum
1606 1424 1685 1461 und
1714 1424 1740 1475 ἓ
1759 1427 1808 1464 17

270 1493 306 1531 d.
324 1493 440 1532 Rosc.
461 1493 791 1544 plurimarum
817 1491 894 1542 pal
910 1505 1095 1528 marum
1119 1499 1230 1528 vetus
1253 1490 1462 1540 gladiator,
1487 1505 1556 1528 zur
1573 1491 1810 1541 Bedeutung

268 1573 306 1610 p.
346 1559 430 1596 Mil.
476 1560 501 1609 ξ
541 1561 590 1597 28
639 1559 821 1596 muliebri
874 1572 918 1595 ac
966 1557 1191 1595 delicato
1237 1558 1468 1595 ancillarum
1518 1571 1810 1609 puerorumque

270 1628 477 1675 comitatu,
508 1641 566 1664 wo
599 1626 815 1664 delicati
847 1625 986 1676 pueri
1020 1641 1075 1660 :-
1106 1624 1255 1674 Pagen.
1287 1647 1339 1652 —
1384 1637 1428 1665 ex
1457 1627 1511 1665 tot
1541 1624 1808 1677 elegantissimis

270 1690 411 1733 familiis
441 1691 567 1746 lectos]
602 1692 773 1730 namlieh
805 1706 875 1729 aus
908 1692 983 1729 den
1016 1691 1345 1729 Dienerschaften
1378 1691 1447 1729 der
1478 1691 1809 1739 Proskribierten,

269 1774 298 1798 s.
331 1760 355 1810 ξ
390 1761 480 1799 133.
521 1760 647 1798 Unter
679 1759 1056 1809 elegantissimi
1089 1759 1175 1795 sind
1211 1759 1290 1797 bes.
1325 1758 1387 1795 die
1419 1759 1551 1795 servi
1583 1758 1808 1796 litterati

270 1840 317 1864 zu
334 1827 556 1877 verstehen,
590 1826 738 1864 welche
755 1840 882 1876 ganze
899 1825 1085 1862 Partieen
1106 1838 1174 1861 aus
1193 1825 1430 1862 Klassikern
1451 1839 1500 1862 ex
1517 1832 1690 1876 tempore
1721 1839 1809 1863 vor-

269 1901 408 1944 tragen
426 1893 615 1941 konnten,
646 1893 725 1930 und
750 1893 812 1930 die
844 1893 983 1943 pueri
1015 1891 1386 1942 symphoniaci,
1417 1892 1565 1929 welche
1591 1891 1655 1929 die
1679 1892 1808 1929 Haus-

268 1960 427 2011 kapelle
457 1961 646 2007 bildeten,
678 1960 758 2009 vgl.
782 1960 806 2009 ξ
828 1960 918 1998 134.
951 1960 1016 1996 Sie
1044 1965 1251 1995 stammten
1281 1960 1395 1996 meist
1425 1972 1493 1995 aus
1516 1958 1808 1996 Griechenland

270 2027 364 2065 oder
384 2028 516 2066 Asien.
538 2050 588 2055 ——
615 2039 724 2080 paene
748 2026 948 2080 operarios]
986 2025 1103 2073 ,fast
1134 2039 1221 2061 nur
1253 2038 1310 2062 an
1334 2025 1811 2075 Taglohnerarbeit

269 2094 537 2144 gewo'hnt‘3
570 2093 650 2143 vgl.
679 2092 760 2131 Cic.
783 2092 925 2131 Parad.
946 2092 980 2129 V
999 2092 1023 2142 ξ
1045 2093 1095 2130 37
1128 2091 1195 2129 sed
1227 2098 1268 2128 ut
1299 2093 1338 2128 in
1368 2105 1512 2141 magna
1541 2091 1691 2128 familia
1720 2097 1810 2129 sunt

268 2160 336 2197 alii
352 2160 554 2209 lautiores,
583 2167 625 2197 ut
641 2160 716 2197 sibi
731 2160 925 2207 videntur,
955 2160 1070 2207 servi,
1099 2158 1167 2195 sed
1186 2164 1316 2195 tamen
1334 2160 1449 2206 servi,
1474 2166 1515 2196 ut
1535 2159 1739 2207 atrienses,
1770 2165 1809 2195 at

270 2228 336 2278 qui
366 2234 536 2265 tractant
567 2228 653 2275 ista,
685 2228 751 2277 qui
783 2233 1006 2276 tergent,
1039 2226 1105 2276 qui
1137 2232 1347 2275 ungunt,
1381 2226 1447 2276 qui
1478 2231 1709 2275 verrunt,
1742 2224 1809 2276 qui

268 2301 539 2343 spargunt,
571 2308 648 2331 non
680 2294 996 2331 honestissimum
1022 2292 1150 2329 locum
1172 2293 1370 2329 servitutis
1390 2298 1535 2339 tenent,
1567 2292 1622 2328 sic
1654 2296 1727 2328 ete.
1755 2313 1808 2318 ——

266 2359 376 2413 patris
402 2358 569 2413 familiae]
604 2360 674 2397 Bei
696 2359 834 2397 Cicero
859 2361 906 2395 ist
929 2359 992 2395 die
1017 2359 1134 2394 Form
1166 2358 1395 2394 familias
1428 2358 1491 2394 (lie
1521 2356 1806 2407 gewo'bnliche,

267 2427 492 2464 familiae
536 2426 672 2464 seiten.
738 2426 850 2463 Nach
897 2424 1079 2463 Schmalz
1121 2422 1250 2462 Vatin.
1303 2438 1340 2474 p.
1382 2425 1405 2461 8
1458 2437 1535 2460 war
1589 2424 1652 2461 die
1690 2424 1806 2460 Form

267 2492 516 2540 familiae,
557 2493 705 2530 welche
737 2492 878 2539 Casar,
919 2492 1053 2528 Livius
1086 2490 1163 2526 und
1197 2490 1344 2527 Sallust
1383 2490 1700 2528 ausschliesslich
1740 2504 1806 2540 ge-

266 2559 490 2608 brauchen,
533 2560 597 2596 die
636 2573 715 2596 von
761 2559 836 2595 den
885 2558 1059 2595 ho'heren
1097 2556 1274 2593 Standen
1314 2557 1573 2607 bevorzugte,
1622 2555 1805 2593 wahrend

261 2627 377 2675 jener
408 2633 525 2663 etwas
557 2625 821 2663 altert'umlich
842 2625 1141 2673 Volkmassiges
1173 2622 1388 2660 anhaftete.
1422 2623 1461 2660 S.
1495 2623 1593 2660 auch
1627 2636 1673 2659 zu
1693 2623 1718 2672 ξ·
1739 2624 1805 2661 48.

92 2695 116 2744 ξ
149 2696 239 2734 121.
377 2690 449 2732 Non
476 2691 526 2732 ita
557 2693 609 2732 est
637 2690 813 2745 profecto,
844 2690 995 2731 iudices:
1027 2703 1095 2730 non
1126 2692 1177 2729 est
1208 2689 1279 2729 veri
1309 2688 1441 2742 simile]
1492 2689 1592 2727 Sehr
1622 2689 1804 2726 wirksam

270 2759 319 2796 ist
357 2758 442 2796 hier
481 2759 544 2795 die
581 2758 825 2795 rhetorische
864 2757 1180 2806 VViederholung
1217 2769 1293 2792 von
1334 2770 1430 2793 non
1469 2762 1562 2804 est,
1609 2756 1687 2806 vgl.
1721 2755 1803 2794 Mil.

271 2824 296 2874 ξ
327 2826 376 2862 21
410 2838 500 2862 non
532 2825 629 2861 fuit
660 2837 705 2862 ea
736 2837 874 2872 causa,
914 2824 1084 2874 iudices,
1124 2822 1321 2873 profecto,
1353 2836 1446 2860 non
1478 2822 1594 2873 fuit,
1635 2835 1702 2859 cur
1731 2828 1804 2860 etc.
