1820 3068
186 85 241 127 40
583 89 654 123 Pro
681 88 764 124 Sex.
791 89 928 125 Roscio
955 100 984 124 c.
1012 90 1055 125 16
1082 91 1102 130 ἓ
1129 89 1281 125 47-48.

134 205 172 231 4⁷
186 208 314 238 causa
339 197 586 250 relegasse‘?
615 199 740 251 ,Quid
764 199 818 240 ad
839 199 941 240 istas
962 199 1142 253 ineptias
1168 199 1258 241 abis
1270 199 1304 242 52‘
1332 199 1508 253 inquies.
1549 199 1680 250 Quasi

185 275 284 304 vero
315 263 414 304 mihi
445 263 613 306 difficile
643 265 695 305 sit
725 266 914 318 quamvis
943 266 1094 307 multos
1124 266 1366 307 nominatim
1397 267 1599 320 proferre,
1627 279 1679 308 ne

185 330 351 383 longius
380 331 542 383 abeam,
574 332 640 372 vel
670 331 842 373 tribules
867 333 933 373 vel
955 331 1112 373 vicinos
1136 345 1264 386 111603,
1295 334 1363 386 qui
1390 346 1488 375 suos
1509 333 1678 386 liberos,

186 409 289 448 quos
320 396 486 449 plurimi
518 397 687 449 faciunt,
721 398 931 450 agricolas
963 397 1162 441 adsiduos
1191 412 1283 441 esse
1307 399 1488 455 cupiunt.
1526 400 1680 441 Verum

184 461 374 503 homines
403 467 524 504 notos
555 476 718 503 sumere
749 464 938 505 odiosum
971 469 1046 517 est,
1078 478 1168 507 cum
1201 470 1240 507 et
1263 465 1365 507 illud
1389 466 1588 508 incertum
1614 466 1679 517 sit,

184 529 366 570 velintne
397 529 423 569 ii
455 542 548 570 sese
578 529 796 580 nominari,
828 534 868 571 et
897 543 1018 572 nemo
1050 532 1169 573 vobis
1200 532 1335 586 magis
1366 537 1486 574 notus
1515 532 1680 574 futurus

185 595 260 647 sit,
308 609 430 647 quam
469 600 531 637 est
569 596 636 636 hic
676 596 911 649 Eutychus,
958 602 998 639 et
1036 602 1146 639 certe
1186 598 1239 639 ad
1284 612 1369 640 rem
1412 599 1516 641 nihil
1555 599 1679 640 inter-

185 662 260 714 sit,
293 667 427 702 utrum
466 662 574 703 hunc
612 675 691 715 ego
732 663 933 704 comicum
971 664 1280 706 adulescentem
1320 678 1372 705 an
1413 665 1596 719 aliquem
1630 678 1681 707 ex

185 741 287 781 agro
318 728 479 769 Veienti
516 728 737 770 nominem.
813 729 975 771 Etenim
1015 731 1121 772 haec
1161 731 1339 773 conficta
1378 732 1556 774 arbitror
1586 745 1680 774 esse

185 808 210 835 a
249 795 404 848 poetis,
450 799 493 835 ut
531 795 692 836 effictos
731 801 896 837 nostros
935 810 1072 839 mores
1109 798 1151 838 in
1189 798 1338 839 alienis
1378 798 1570 852 personis
1610 811 1679 840 ex-

183 874 457 914 pressamque
514 861 740 914 imaginem
803 862 1000 920 [nostrae]
1060 864 1171 906 vitae
1232 864 1469 906 cotidianae
1519 865 1682 906 videre-

135 930 288 968 48mus.
364 929 457 980 Age
499 941 628 979 nunc,
673 929 784 970 refer
821 930 1003 971 animum
1050 930 1108 973 sis
1152 931 1206 972 ad
1247 932 1463 973 veritatem
1506 935 1546 973 et
1586 944 1681 973 con-

185 993 344 1044 sidera,
392 1007 474 1035 non
511 995 634 1035 modo
674 995 714 1036 in
759 996 930 1038 Umbria
976 1001 1101 1050 atque
1146 998 1187 1039 in
1234 1011 1284 1040 ea
1330 997 1561 1052 vicinitate,
1607 998 1683 1040 sed

183 1060 224 1100 in
255 1060 321 1102 his
360 1060 571 1101 veteribus
609 1062 847 1117 municipiis
890 1077 997 1116 quae
1038 1065 1177 1107 studia
1217 1079 1241 1107 a
1278 1065 1467 1120 patribus
1499 1065 1682 1107 familias

280 1206 424 1240 Testim.
451 1211 517 1242 eet.

278 1264 398 1299 Schol.
431 1265 492 1300 Gr.
547 1268 638 1308 §47
676 1267 794 1309 Quid
828 1267 884 1302 ad
917 1268 1035 1304 istas
1066 1279 1214 1314 nugas
1247 1269 1376 1305 abis?
1414 1270 1625 1316 inquies]
1644 1270 1680 1314 ¹)

184 1324 316 1368 Coepit
349 1325 473 1360 dicere
507 1325 765 1361 adversarius:
808 1327 980 1371 quamdiu
1012 1338 1086 1370 me,
1123 1329 1258 1374 inquit,
1297 1329 1345 1363 ad
1370 1328 1518 1364 fabulas
1544 1332 1685 1364 vocas?

184 1384 283 1418 Dicit
308 1384 468 1419 Tullius:
506 1394 577 1429 ego
605 1386 752 1429 quidem
781 1385 900 1421 habeo
928 1387 1120 1422 multorum
1149 1388 1336 1432 exempla,
1366 1398 1461 1432 quae
1488 1387 1684 1432 proferam,

184 1443 242 1477 vel
277 1443 472 1479 amicorum
489 1443 547 1488 2);
591 1444 658 1479 sed
692 1444 848 1480 forsitan
880 1445 942 1480 isti
979 1456 1019 1481 se
1057 1446 1236 1481 nominari
1269 1447 1406 1481 nolunt.
1458 1447 1685 1492 Quamquam

184 1512 277 1546 quos
303 1503 421 1547 magis
448 1502 626 1539 debemus
659 1503 706 1538 ad
738 1504 906 1548 exempla
931 1504 1111 1548 proferre,
1145 1516 1252 1550 quam
1281 1506 1467 1541 comicos?
1509 1506 1572 1551 qui
1597 1506 1681 1541 ideo

184 1570 206 1594 a
231 1561 351 1605 poetis
378 1561 615 1605 inducuntur,
652 1566 693 1598 ut
725 1563 986 1599 alienorum
1005 1565 1042 1607 3)
1082 1564 1226 1599 actibus
1262 1565 1362 1600 vitae
1396 1568 1546 1600 nostrae
1577 1564 1681 1600 vide-

183 1629 285 1655 amus
310 1620 517 1665 imaginem.

278 1680 357 1715 Vel
384 1679 604 1725 tribules]
638 1680 704 1722 Qui
732 1680 778 1716 de
804 1690 876 1715 una
901 1680 999 1716 tribu
1025 1686 1120 1724 sunt,
1146 1681 1299 1718 tribules
1326 1682 1505 1717 dicuntur.

277 1740 366 1780 §48
404 1738 501 1783 Age
528 1750 666 1782 nunc,
694 1740 821 1775 refer
847 1741 1039 1775 animum
1057 1741 1113 1786 4)]
1145 1740 1280 1776 Adhuc
1306 1742 1341 1776 in
1371 1741 1590 1787 quaestione
1617 1742 1682 1777 illa

180 1801 359 1840 versatur,
388 1799 473 1843 quia
499 1798 647 1834 dicebat
671 1798 919 1843 adversarius,
948 1800 1032 1835 ideo
1059 1801 1220 1835 occisum
1247 1810 1268 1834 a
1294 1790 1370 1836 filio
1387 1805 1528 1845 patrem
1552 1800 1680 1844 fuisse,

181 1856 281 1900 quod
306 1857 379 1892 ruri
406 1868 552 1901 semper
577 1857 746 1894 dedisset
767 1869 929 1902 operam.
987 1860 1055 1895 Hic
1081 1859 1171 1895 dicit
1197 1859 1366 1895 omnibus
1394 1860 1542 1904 placere
1567 1860 1679 1894 vitam

178 1916 363 1950 rusticam.

274 1975 441 2019 Inopia
469 1975 721 2021 criminum]
754 1975 795 2010 Id
822 1980 890 2019 est,
921 1987 1030 2021 quum
1056 1987 1129 2011 non
1155 1976 1278 2020 habet,
1307 1977 1407 2022 quod
1433 1977 1572 2013 obiciat
1591 1977 1680 2012 Eru-

179 2032 257 2067 cius
283 2033 432 2076 Roscio,
458 2034 495 2068 id
522 2034 646 2077 obicit,
675 2035 773 2078 quod
800 2036 846 2069 ad
874 2035 1019 2070 laudem
1046 2037 1173 2071 Roscii
1200 2033 1357 2080 proficit.

274 2142 309 2182 1)
335 2141 398 2172 Die
424 2143 576 2172 fritheren
604 2142 834 2181 Herausgeber
859 2143 967 2181 gaben
993 2143 1104 2174 diesen
1126 2143 1251 2174 Absatz
1276 2143 1358 2183 quid
1382 2144 1425 2174 ad
1449 2142 1529 2173 istas
1555 2147 1615 2173 etc.
1634 2160 1677 2164 ——

178 2188 359 2226 imaginem
385 2191 736 2228 zusammenhiingend
770 2190 830 2220 mit
856 2192 931 2221 dem
957 2191 1103 2229 vorigen.
1168 2192 1206 2220 B.
1234 2192 1293 2220 hat
1319 2196 1425 2220 zuei-st
1450 2190 1538 2220 (licse
1562 2189 1679 2219 W*01·te

178 2236 228 2265 als
255 2246 354 2266 nenes
372 2237 512 2267 Lcmnia
538 2237 690 2272 erkannt.v
717 2238 804 2267 ohne
825 2238 947 2277 jedoch
964 2238 1052 2268 seine
1068 2239 1274 2275 Aenderung
1291 2239 1397 2268 ntiher
1414 2246 1457 2268 zu
1474 2237 1677 2275 begriinden.

177 2283 268 2312 Mich
294 2285 353 2313 hat
379 2283 448 2314 ihin
482 2295 521 2314 zu
550 2285 663 2322 folgen
696 2295 756 2314 vor
789 2285 891 2315 allem
924 2286 981 2315 ‹ler
1006 2286 1173 2316 Umstand
1206 2285 1392 2322 bestimmt.
1427 2283 1501 2314 weil
1528 2284 1679 2314 offenbar

177 2329 229 2360 die
257 2331 372 2361 XVorte
413 2342 524 2371 ,quani
560 2332 616 2362 (1111
649 2342 702 2362 me
735 2333 778 2362 ad
814 2333 942 2362 fabulas
977 2335 1088 2362 vocas‘
1129 2332 1201 2362 eine
1235 2332 1459 2369 Erlauterung
1493 2332 1549 2361 des
1583 2331 1676 2361 cicer.

177 2378 302 2407 Textes
327 2378 396 2408 sein
422 2379 538 2409 sollen.
600 2380 687 2409 Dass
713 2380 770 2409 ‹ler
794 2380 962 2411 Scholiast
986 2390 1126 2418 nugas
1160 2380 1211 2409 fiir
1238 2379 1378 2419 ineptias
1404 2380 1482 2416 hat,
1517 2380 1594 2408 darf
1615 2388 1677 2408 uns

177 2424 267 2454 nicht
294 2425 495 2459 befremden,
523 2427 566 2456 ‹la
592 2426 756 2464 ‹lerartige
783 2426 1056 2465 Abweiehungen
1083 2437 1160 2457 vom
1186 2426 1242 2456 eie.
1270 2427 1378 2457 Textc
1405 2426 1473 2456 sich
1500 2427 1600 2456 ofters
1627 2425 1678 2456 bei

177 2472 246 2501 ihm
272 2471 399 2507 finden,
435 2474 502 2511 vgl.
532 2484 557 2503 z.
586 2475 623 2503 B.
660 2476 724 2504 den
750 2474 891 2513 Anfang
926 2476 982 2504 (les
1015 2474 1153 2513 vorigen
1178 2474 1345 2504 Lemmas.
1407 2473 1593 2503 Bemerken
1619 2473 1678 2503 wir

176 2529 245 2548 nun
272 2521 377 2550 noch.
412 2521 488 2550 (11133
516 2520 554 2551 G.
582 2531 612 2550 11.
642 2521 697 2552 Gr.
725 2522 859 2552 habes
886 2524 936 2552 fiir
961 2522 1032 2552 abis
1058 2522 1151 2552 lasen
1176 2522 1244 2551 und
1270 2520 1421 2560 inquit
1456 2520 1507 2560 (in
1533 2519 1675 2550 Assimi-

176 2565 281 2596 lation
307 2577 347 2596 zu
373 2568 446 2596 (lein
474 2568 670 2608 folgenden)
698 2569 748 2598 fiir
774 2568 922 2608 inquies,
952 2580 988 2599 so
1015 2570 1092 2599 ‹larf
1113 2578 1147 2599 es
1172 2578 1234 2598 uns
1261 2568 1352 2598 nicht
1377 2569 1553 2605 wundern,
1580 2577 1677 2598 wcnn

176 2612 221 2642 sie
248 2613 280 2642 111
307 2614 417 2644 diesen
443 2615 583 2645 worten
621 2615 713 2646 nieht
746 2616 810 2646 den
837 2617 977 2655 Anfang
1012 2616 1100 2646 eines
1135 2625 1242 2646 neuen
1269 2616 1426 2646 Lemnias
1454 2616 1602 2645 snchten.
1631 2632 1673 2636 —-

178 2659 211 2697 2)
239 2660 333 2691 Nach
358 2662 410 2691 vel
429 2661 612 2692 amicorum
638 2662 705 2692 will
730 2663 766 2693 E.
786 2674 817 2702 p.
837 2666 878 2694 20
906 2665 973 2694 vel
999 2663 1251 2694 vicinorum
1279 2673 1339 2693 aus
1356 2662 1424 2692 Cic.
1445 2662 1609 2700 einfiigen.
1631 2679 1672 2682 —-

177 2706 211 2745 3)
243 2708 343 2746 ang.
367 2708 569 2745 illorum,
597 2720 665 2739 was
693 2709 746 2739 ich
774 2710 807 2740 in
834 2711 1082 2741 alienorum
1108 2710 1288 2741 verbessert
1313 2709 1400 2740 habe
1426 2710 1513 2739 nach
1540 2708 1674 2739 Ciceros

175 2754 330 2784 XVorten:
371 2762 407 2785 nt
438 2755 565 2786 effictos
601 2762 730 2787 nostros
763 2767 871 2788 mores
904 2758 937 2788 in
963 2757 1127 2789 alienis
1160 2757 1308 2798 personis
1336 2782 1342 2787 .
1371 2781 1377 2787 .
1405 2756 1600 2787 videremus.
1630 2773 1672 2778 —

178 2800 213 2840 4)
242 2802 340 2839 Vulg.
367 2803 452 2832 refer
478 2804 521 2833 ad
547 2803 706 2835 animum.
