1820 3068
207 122 260 161 (343
588 120 659 155 Pro
686 120 768 155 Sex.
798 119 936 154 Roscio
963 130 994 153 c.
1025 119 1069 154 537
1099 121 1118 159 ἓ
1150 117 1346 154 105-108.

207 233 430 282 Quaeritur
460 232 585 273 etiam
616 244 737 283 nunc,
769 230 860 283 quis
893 243 984 271 eum
1016 228 1200 270 nuntium
1232 227 1419 269 miserit?
1448 241 1584 269 nonne
1614 241 1703 282 per·
1747 217 1752 221 ⁵

207 299 395 352 spicuum
427 303 489 340 est
519 298 716 348 eundem,
761 297 829 349 qui
860 295 1105 336 Ameriam?
1151 294 1278 335 Curat
1309 294 1629 348 Chrysogonus,
1663 299 1706 336 ut

207 366 295 407 eius
327 366 437 406 bona
468 368 647 406 veneant
685 363 845 414 statim,
891 363 959 414 qui
998 374 1078 402 non
1110 364 1231 401 norat
1262 360 1470 402 hominem
1503 365 1574 402 aut
1606 374 1704 402 rem.

206 434 259 472 At
305 432 373 484 qui
420 431 456 472 ei
503 430 616 471 venit
660 430 698 469 in
746 432 924 469 mentem
974 427 1149 481 praedia
1191 427 1487 480 concupiscere
1526 427 1705 468 hominis

205 498 350 551 ignoti,
383 510 505 549 quem
537 496 703 537 omnino
735 508 945 546 nunquam
979 493 1173 534 viderat?
1224 493 1390 545 Soletis,
1422 507 1511 534 eum
1547 493 1705 546 aliquid

205 564 375 605 huiusce
407 563 517 603 modi
549 561 745 610 audistis,
781 561 959 609 iudices,
999 560 1192 601 continuo
1225 560 1383 601 dicere:
1414 560 1612 610 ,Necesse
1644 564 1706 601 est

205 631 385 682 aliquem
419 628 575 669 dixisse
615 627 863 680 municipem
905 631 975 667 aut
1006 626 1203 678 vicinum3
1255 627 1283 667 ii
1314 627 1557 679 plerumque
1601 626 1705 666 indi-

141 702 314 748 moeant,
348 709 420 749 per
452 708 524 736 eos
555 694 741 747 plerique
774 693 1030 747 produntur.‘
1082 694 1161 734 Hie
1191 693 1293 734 nihil
1324 697 1398 743 est,
1428 693 1538 745 quod
1570 692 1702 746 suspi-

138 1109 188 1133 107

138 1723 189 1748 los

204 762 311 803 eioni
355 763 521 802 locum
569 760 721 801 detis.
789 760 883 800 Non
916 760 1023 800 enim
1070 773 1148 812 ego
1194 759 1251 799 ita
1303 759 1544 812 disputabo:
1595 759 1705 809 ‚Veri

204 830 337 870 simile
370 833 431 870 est
462 828 637 869 Roscios
668 826 790 867 istam
822 839 908 866 rem
936 826 989 866 ad
1015 825 1333 878 Chrysogonum
1365 825 1586 876 detulisse3
1618 829 1707 866 erat

203 896 310 936 enim
343 895 392 936 iis
429 908 520 936 cum
555 893 831 946 Chrysogono
862 893 944 933 iam
978 896 1102 933 antea
1133 892 1334 945 amicitia3
1370 905 1465 932 nam
1488 905 1579 933 cum
1603 892 1705 933 mul-

202 966 266 1003 tos
300 966 461 1003 veteres
494 974 518 1001 a
548 960 775 1001 maioribus
795 959 935 1000 Roscii
964 962 1164 1011 patronos
1196 958 1464 1012 hospitesque
1490 959 1705 1008 haberent,

202 1042 345 1069 omnes
377 1041 448 1068 eos
480 1028 616 1068 colere
647 1031 771 1079 atque
803 1026 1029 1067 observare
1060 1025 1307 1067 destiterunt
1327 1038 1376 1066 ac
1398 1038 1441 1066 se
1462 1025 1503 1066 in
1526 1025 1704 1078 Chryso-

202 1095 300 1148 goni
348 1094 471 1134 fidem
510 1098 550 1134 et
596 1093 832 1134 clientelam
871 1092 1159 1134 contulerunt!
1216 1092 1333 1133 Haec
1363 1104 1533 1145 possum
1566 1092 1707 1132 omnia

202 1175 299 1203 vere
331 1162 483 1210 (licere,
513 1160 587 1201 sed
618 1160 659 1200 in
690 1160 770 1200 hac
801 1172 929 1200 causa
960 1158 1199 1199 coniectura
1224 1158 1326 1199 nihil
1351 1171 1455 1211 opus
1477 1162 1556 1209 est3
1589 1157 1705 1211 ipsos

203 1233 314 1269 certo
347 1228 436 1269 scio
467 1240 549 1268 non
579 1239 736 1280 negare
768 1225 822 1266 ad
853 1225 957 1266 haec
988 1225 1099 1265 bona
1122 1225 1444 1278 Chrysogonum
1474 1225 1705 1266 accessisse

201 1296 382 1348 impulsu
413 1307 500 1335 suo.
561 1294 604 1335 Si
637 1307 748 1344 eum,
799 1292 868 1344 qui
914 1291 1056 1332 indicii
1089 1292 1266 1344 pretium
1297 1291 1528 1344 acceperit,
1573 1291 1705 1333 oeulis

203 1361 400 1413 cernetis,
449 1360 692 1414 poteritisne
731 1359 944 1409 dubitare,
990 1357 1171 1410 iudices,
1218 1358 1310 1410 quis
1341 1357 1568 1398 indicarit?
1626 1356 1705 1406 Qui

202 1434 297 1469 sunt
329 1428 454 1480 igitur
485 1427 526 1467 in
557 1426 648 1467 istis
672 1426 805 1477 bonis,
839 1425 988 1477 quibus
1010 1429 1170 1478 partem
1188 1424 1488 1477 Chrysogonus
1513 1423 1706 1465 dederit?

204 1495 297 1535 Duo
328 1494 483 1534 Roscii.
541 1492 650 1533 Num
697 1493 887 1545 quisnam
932 1490 1184 1544 praeterea?
1241 1490 1374 1530 Nemo
1407 1495 1491 1542 est,
1532 1490 1705 1531 iudices.

202 1561 311 1602 Num
344 1573 444 1613 ergo
475 1559 644 1600 dubium
675 1563 748 1609 est,
780 1558 877 1611 quin
908 1558 935 1598 ii
967 1557 1193 1598 obtulerint
1223 1557 1332 1598 hanc
1352 1557 1554 1610 praedam
1575 1556 1705 1610 Chry-

203 1640 377 1680 sogono,
411 1627 480 1679 qui
514 1626 567 1667 ab
600 1639 648 1667 eo
680 1630 840 1679 partem
872 1623 1056 1679 praedae
1088 1623 1298 1664 tulerunt?

314 1710 404 1761 Age
435 1721 543 1749 nunc
576 1721 625 1748 ex
656 1707 789 1760 ipsius
808 1705 1076 1759 Chrysogoni
1108 1704 1262 1745 iudicio
1284 1704 1529 1745 Rosciorum
1550 1704 1705 1745 factum

205 1775 528 1816 consideremus.
589 1774 634 1815 Si
665 1774 768 1814 nihil
813 1773 855 1813 in
897 1773 978 1813 ista
1018 1785 1161 1825 pugna
1190 1771 1348 1822 Roscii,
1396 1771 1506 1824 quod
1550 1784 1705 1824 operae

203 1842 380 1895 pretium
428 1845 559 1890 esset,
605 1840 814 1893 fecerant,
862 1853 985 1891 quam
1040 1839 1092 1880 ob
1139 1850 1308 1879 causam
1361 1850 1386 1877 a
1425 1837 1705 1890 Chrysogono

205 1908 333 1948 tantis
367 1907 566 1960 praemiis
599 1906 893 1947 donabantur?
940 1906 974 1946 si
1003 1905 1106 1946 nihil
1145 1904 1259 1945 aliud
1292 1904 1479 1945 fecerunt
1508 1903 1588 1944 nisi
1619 1916 1705 1944 rem

203 1975 463 2024 detulerunt,
495 1987 632 2014 nonne
664 1973 766 2014 satis
798 1973 874 2013 fuit
904 1973 955 2013 iis
986 1973 1146 2024 gratias
1177 1971 1281 2024 agi?
1310 1970 1509 2023 denique,
1541 1974 1585 2010 ut
1615 1982 1705 2022 per-

202 2041 433 2082 liberaliter
463 2046 672 2093 ageretur,
706 2040 875 2080 honoris
906 2039 1065 2093 aliquid
1100 2037 1279 2079 haberi?
1311 2036 1392 2077 Cur
1423 2036 1504 2077 tria
1529 2036 1706 2090 praedia

200 2111 343 2147 tantae
382 2107 586 2160 pecuniae
626 2106 765 2147 statim
803 2106 998 2159 Capitoni
1037 2104 1219 2146 dantur?
1265 2117 1355 2155 cur,
1398 2116 1504 2156 quae
1543 2102 1707 2154 reliqua

203 2178 319 2227 sunt,
366 2173 444 2214 iste
490 2173 538 2213 Τ.
580 2173 756 2214 Roscius
801 2173 942 2213 omnia
985 2186 1075 2213 eum
1116 2171 1394 2224 Chrysogono
1435 2167 1707 2210 communiter

202 2241 420 2294 possidet?
478 2240 626 2281 Nonne
678 2239 943 2293 perspicuum
990 2242 1074 2290 est,
1126 2236 1305 2288 iudices,
1356 2236 1432 2276 has
1484 2235 1705 2276 manubias

202 2307 365 2348 Rosciis
398 2307 720 2360 Chrysogonum
752 2318 795 2346 re
827 2304 995 2358 cognita
1026 2301 1319 2345 concessisse?

302 2478 446 2512 Testim.
473 2481 540 2512 vet.

299 2536 418 2571 Schol.
451 2536 515 2571 Gr.

298 2599 316 2637 ἓ
347 2597 423 2631 108.
475 2595 520 2630 Si
548 2594 666 2628 nihil
692 2594 733 2628 in
759 2594 852 2629 ista
879 2603 1029 2637 pugna
1055 2591 1234 2636 Roscii]
1266 2590 1439 2626 Recurat.
1488 2589 1541 2624 Ex
1567 2587 1704 2632 magni-

202 2652 329 2689 tudine
357 2655 509 2699 praemii
536 2653 701 2688 ostendit
728 2653 821 2687 istos
843 2653 968 2687 caedis
985 2655 1172 2694 auctores;
1201 2661 1274 2684 non
1301 2649 1394 2684 enim
1421 2660 1487 2693 pro
1510 2649 1589 2682 solo
1617 2658 1705 2681 nnn-

202 2714 253 2747 tio
280 2718 421 2748 tantum
448 2713 648 2757 praemium
675 2715 921 2755 accepissent.

298 2772 546 2806 Manubias
573 2771 776 2815 Rosciis]
810 2769 1001 2804 Manubias
1028 2768 1119 2803 dixit
1146 2767 1251 2811 quasi
1269 2767 1416 2802 devicto
1439 2766 1546 2801 hoste
1572 2764 1704 2808 spolia,

202 2830 238 2866 id
270 2836 344 2875 cst,
374 2831 520 2866 Roscio.
