1945 3073
673 98 819 142 Kapitel
845 97 967 133 va
996 101 1015 138 s
1045 98 1100 133 50.
1575 95 1654 136 2531.

119 219 202 255 est‘.
260 215 420 252 Ebenso
464 212 566 250 nach
607 212 682 249 den
713 210 980 248 Ausdri'icken
1023 222 1115 246 non
1153 209 1282 246 satis
1313 207 1520 256 habere,
1564 221 1658 245 non

117 281 342 330 sufficit,
375 293 469 317 non
500 285 770 316 contentus
803 284 896 323 est,
925 276 1006 326 vgl.
1031 276 1056 325 ξ
1078 276 1158 313 150
1187 275 1226 311 si
1256 287 1349 311 non
1381 276 1509 311 satis
1540 274 1658 311 habet

118 348 323 385 avaritiam
353 359 461 383 suam
493 346 661 396 pecunia
693 343 874 394 explere,
914 343 1011 379 nisi
1049 343 1197 379 etiam
1237 340 1460 378 crudelitati
1498 341 1659 390 sanguis

118 413 321 465 praebitus
353 413 421 461 sit3
458 412 595 449 Iustin.
618 413 652 459 1,
674 411 780 457 7„15
810 423 904 445 non
937 414 1202 445 contentus
1235 406 1660 457 voluptatum‘suarum

119 482 240 518 tacita
264 478 516 526 conscientia,
548 477 651 513 nisi
682 477 831 513 etiam
863 475 1100 511 matrimonii
1121 472 1324 511 reticenda
1354 472 1659 522 publicaret,

119 546 234 585 Oros.
274 545 326 584 H.
367 545 403 591 3,
441 544 475 590 5,
507 544 530 580 3
578 542 652 594 (M.
692 540 868 593 Curtius)
907 541 1039 578 iniecit
1082 539 1232 577 crudeli
1276 546 1404 576 terrae
1448 538 1659 588 inopiniam

119 614 358 659 satietatem,
397 611 459 648 eui
488 622 658 659 parum
705 614 807 645 esset
853 607 958 658 quod
999 621 1047 644 ex
1084 612 1193 644 tanta
1224 605 1449 656 pestilentia
1487 612 1660 641 mortuos

119 693 188 730 per
228 676 437 728 sepulchra
480 677 714 726 susciperet,
755 675 855 711 nisi
897 675 1046 711 etiam
1089 674 1200 710 vivos
1239 672 1359 709 scissa
1389 670 1578 708 sorberet.
1610 692 1659 697 —

122 745 236 783 Mehr
269 743 468 794 Beispiele
499 741 585 791 gibt
614 741 797 778 Paucker
827 741 968 779 Rhein.
1001 740 1101 776 Mus.
1134 739 1182 778 N.
1214 740 1259 775 F.
1294 739 1367 787 37,
1404 751 1441 787 p.
1474 737 1576 783 5623
1619 736 1661 775 Z.

119 812 146 849 f.
179 811 215 850 d.
248 816 364 848 nster.
397 808 543 859 Gymn.
567 807 669 845 1881
704 822 740 857 p.
771 808 864 844 493.
885 829 937 833 ——
969 803 1121 857 crimini]
1156 804 1314 842 Gerade
1345 805 1427 840 sein
1458 802 1661 852 standiger

119 876 353 914 Aufenthalt
394 875 464 912 auf
493 874 580 912 dem
611 873 747 910 Lande
779 873 926 910 bildete
959 874 1004 921 ja
1041 873 1156 909 einen
1182 868 1553 920 Hauptsti'itzpunkt
1592 869 1661 906 der

121 943 318 992 Auklage,
349 955 379 979 s.
411 941 449 978 d.
480 940 734 989 Bemerkung
764 953 812 976 zu
844 940 868 989 ξ
897 941 963 977 40.

691 1058 905 1109 Kapitel
935 1057 1091 1095 XVIII.

230 1138 275 1179 Ne
303 1135 353 1192 tu]
388 1138 464 1175 Die
482 1136 972 1188 Versicherungspartikel
1003 1149 1060 1172 ne
1090 1133 1247 1172 schrieb
1277 1146 1365 1170 man
1395 1133 1469 1170 seit
1487 1132 1660 1168 Lauren·
1692 1133 1800 1183 §50

122 1207 198 1243 tius
230 1205 348 1243 Valla
386 1217 476 1242 nae
520 1204 617 1256 (vgl.
651 1204 784 1240 Haase
826 1217 873 1240 zu
913 1203 1051 1252 Reisig
1081 1204 1103 1251 3¹
1138 1201 1235 1248 169,
1277 1200 1327 1236 N.
1360 1199 1470 1248 312).
1530 1198 1664 1235 Allein

125 1272 232 1310 diese
256 1270 507 1320 Schreibung
536 1270 659 1308 findet
690 1270 771 1307 sich
805 1271 842 1306 in
875 1270 1047 1319 weniger
1077 1274 1197 1317 guten
1227 1264 1553 1313 Handschriften7
1585 1264 1664 1313 vgl.

122 1339 204 1376 bes.
243 1337 479 1375 Fleckeisen
523 1339 575 1373 im
616 1336 814 1385 philolog.
855 1335 894 1372 ΙΙ
939 1349 976 1386 p.
1021 1337 1073 1372 62
1112 1349 1189 1385 sq„
1236 1333 1349 1371 Neue
1388 1330 1587 1371 Formenl,
1629 1330 1666 1366 ΙΙ

122 1419 160 1456 Ρ.
192 1406 283 1443 816.
344 1404 479 1442 Ueber
519 1403 596 1441 den
629 1402 840 1441 Gebrauch
880 1402 948 1439 der
979 1401 1158 1438 Partikel
1189 1414 1217 1438 s.
1250 1399 1388 1448 Reisig
1419 1398 1443 1447 ξ
1476 1399 1553 1435 219
1585 1396 1665 1433 und

123 1471 210 1510 daz,
242 1471 278 1508 d.
306 1471 410 1508 Note
435 1470 601 1522 Haases,
633 1468 980 1518 Krebs-Allgayer
1010 1482 1047 1518 p.
1082 1468 1173 1506 740.
1198 1490 1249 1494 —
1281 1465 1323 1506 ab
1355 1467 1475 1505 aratro
1507 1475 1664 1504 arcesse-

121 1535 267 1590 baniur]
317 1538 391 1575 Die
421 1536 542 1574 Stelle
583 1537 651 1574 hat
690 1534 906 1585 jedenfalls
946 1534 1033 1573 Val.
1067 1533 1228 1571 Maxim.
1270 1532 1337 1579 IV,
1369 1534 1405 1579 4,
1436 1534 1461 1569 4
1502 1532 1553 1567 im
1585 1529 1663 1567 Ge-

124 1604 316 1653 dachtnis,
347 1617 459 1641 wenn
491 1618 532 1641 er
557 1602 730 1640 schreibt
762 1602 834 1651 ,illi
866 1602 994 1648 etiam,
1026 1615 1050 1651 q
1064 1602 1109 1637 ui
1140 1600 1198 1637 ab
1231 1606 1402 1636 aratro
1435 1609 1665 1635 arcesse-

123 1670 309 1708 bantur
352 1677 402 1708 ut
445 1669 675 1707 consules
717 1668 930 1718 fierent‘‚
982 1667 1085 1704 denn
1123 1667 1162 1703 in
1204 1666 1229 1716 ξ
1260 1668 1284 1704 5
1315 1664 1462 1716 spricht
1493 1677 1534 1701 er
1566 1662 1666 1700 auch

122 1751 198 1774 von
230 1737 373 1774 Atilius
419 1738 488 1773 mit
526 1736 737 1773 'ahnlichen
769 1735 933 1772 W'orten
962 1733 1142 1783 ‚Atilium
1182 1738 1334 1777 autem,
1379 1731 1447 1782 qui
1487 1730 1536 1767 ad
1577 1743 1664 1767 eum

124 1803 402 1840 arcessendum
443 1816 466 1839 a
502 1808 642 1840 senatu
686 1802 794 1838 missi
841 1807 953 1839 erant
992 1800 1042 1837 ad
1078 1800 1285 1850 imperium
1332 1797 1467 1848 populi
1497 1796 1665 1833 Romani

123 1869 429 1920 suscipiendum,
460 1882 627 1906 semen
656 1872 976 1918 spargentem
1006 1866 1216 1904 viderunt‘.
1239 1889 1292 1892 -
1322 1865 1415 1901 Man
1438 1864 1575 1900 nimmt
1598 1875 1664 1912 ge-

125 1935 320 1973 wbhnlich
351 1949 422 1982 an,
453 1935 543 1972 dass
568 1936 684 1984 jener
716 1933 759 1971 C.
792 1934 938 1970 Atilius
970 1933 1148 1982 Regulus
1179 1932 1352 1982 gemeint
1381 1930 1458 1978 sei,
1490 1929 1558 1966 der
1589 1929 1665 1966 den

125 2003 341 2040 Beinamen
365 2002 556 2040 Serranus
587 2001 693 2038 hatte
724 2000 803 2037 und
835 2001 874 2037 in
906 1999 981 2036 den
1007 1998 1161 2036 Jahren
1183 2000 1259 2036 257
1292 1996 1373 2034 und
1404 1997 1485 2034 250
1508 1995 1664 2032 Konsul

128 2082 228 2117 war,
275 2068 324 2105 cf.
372 2067 454 2106 Cic.
496 2067 597 2106 Sest.
637 2067 662 2117 ξ
694 2069 744 2105 72
785 2067 884 2103 alter
921 2079 1037 2115 vero)
1087 2079 1166 2102 non
1204 2064 1271 2101 ille
1311 2063 1560 2101 Serranus
1606 2061 1663 2098 ab

126 2141 321 2184 aratr03
353 2134 507 2174 Ennod.
541 2134 640 2171 Pan.
671 2136 696 2171 4
726 2133 938 2171 Serranum
969 2131 1212 2182 scipionibus
1244 2139 1375 2167 aratra
1404 2135 1663 2180 pepererunt:

126 2202 193 2252 qui
225 2201 315 2238 dum
352 2201 519 2251 grandia
565 2201 683 2237 sulcis
725 2200 877 2238 semina
907 2197 1210 2246 commendaret,
1241 2196 1432 2233 honorum
1464 2196 1499 2232 ei
1529 2195 1665 2232 messis

125 2267 265 2305 oborta
302 2275 371 2306 est.
431 2268 488 2304 Im
518 2267 714 2305 Altertum
758 2266 891 2304 leitete
937 2279 1027 2302 man
1072 2265 1148 2302 den
1186 2263 1338 2300 Namen
1378 2275 1456 2299 von
1493 2274 1665 2298 serere

127 2333 197 2382 ab,
239 2348 281 2371 so
311 2333 413 2373 Plin.
446 2334 497 2373 Η.
528 2334 579 2371 N.
614 2335 684 2382 18,
723 2334 776 2370 20
820 2338 1085 2383 ,serentem
1117 2332 1352 2368 invenerunt
1383 2328 1464 2365 dati
1495 2327 1663 2365 honores

127 2399 341 2449 Seranum,
385 2400 490 2438 unde
521 2401 556 2438 ei
588 2407 625 2437 et
666 2398 921 2449 cognomen‘3
967 2397 1099 2435 Schol.
1141 2398 1181 2433 in
1211 2396 1322 2434 Pers.
1355 2395 1392 2446 Ι,
1434 2396 1485 2433 74
1530 2394 1611 2444 ‚qui
1642 2407 1665 2429 a

127 2466 342 2504 serendo
373 2466 624 2504 Serranus
663 2464 883 2516 appellatus
923 2470 1001 2515 est,
1047 2471 1087 2501 ut
1120 2463 1229 2513 Virg.
1262 2461 1354 2513 (VI,
1387 2458 1485 2512 844)
1526 2474 1598 2497 nec
1627 2466 1665 2497 te

127 2531 234 2569 sulco
268 2532 484 2570 Serrane
514 2531 792 2570 serentem‘.
836 2531 900 2568 Da
932 2530 1015 2567 sich
1041 2530 1188 2580 jedoch
1220 2528 1290 2566 auf
1317 2527 1554 2565 [nschriften
1583 2525 1664 2562 und

128 2597 297 2635 Mi‘mzen
329 2599 398 2636 der
415 2599 543 2636 Name
572 2597 861 2650 Sa(r)ranus
891 2596 1024 2645 findet⁷
1058 2610 1099 2634 so
1130 2597 1179 2633 ist
1211 2609 1250 2633 es
1280 2592 1663 2639 wahrscheinlicher,

129 2663 343 2702 denselben
384 2679 458 2702 von
500 2665 570 2702 der
608 2663 859 2701 umbrischen
889 2663 1003 2701 stadt
1032 2662 1276 2700 Saranum
1319 2659 1564 2704 abzuleiten3
1611 2659 1660 2694 cf.

129 2728 255 2767 Orelli
285 2729 488 2768 Onomast.
519 2730 626 2768 Tull.
658 2730 711 2778 ΙΙ,
741 2744 780 2781 p.
812 2731 877 2768 86.
914 2752 955 2756 ——
1007 2728 1065 2782 qui
1093 2727 1189 2767 missi
1219 2723 1337 2777 erant]
1381 2726 1501 2762 Diese
1532 2724 1659 2760 Boten

128 2795 283 2833 hiessen
314 2799 559 2846 viatores,
591 2798 640 2835 cf.
673 2796 881 2834 Columell.
914 2796 1038 2846 praef.
1068 2809 1107 2845 p.
1142 2795 1204 2842 18,
1238 2795 1285 2831 16
1318 2793 1405 2842 Bip.
1435 2790 1526 2839 ‚illis
1559 2790 1660 2827 enin]

128 2863 369 2913 temporibus
398 2877 580 2914 proceres
611 2863 780 2900 civitatis
804 2863 844 2898 in
874 2861 979 2911 agris
1002 2860 1257 2898 morabantur
1287 2865 1325 2897 et
1348 2871 1433 2895 cum
1455 2856 1662 2894 consilium

164 2927 375 2960 Landgraf,
397 2928 458 2954 Cic.
479 2929 559 2954 Rede
578 2929 598 2953 f.
622 2928 689 2954 Sex.
710 2929 794 2953 Rosc.
835 2928 870 2952 11.
895 2926 1003 2951 Halftc.
1390 2928 1437 2964 16
