<?xml version="1.0" encoding="UTF-8"?>
<!DOCTYPE html PUBLIC "-//W3C//DTD XHTML 1.0 Transitional//EN"
    "http://www.w3.org/TR/xhtml1/DTD/xhtml1-transitional.dtd">
<html xmlns="http://www.w3.org/1999/xhtml" xml:lang="en" lang="en">
 <head>
  <title>
</title>
<meta http-equiv="Content-Type" content="text/html;charset=utf-8" />
  <meta name='ocr-system' content='tesseract 3.04.00' />
  <meta name='ocr-capabilities' content='ocr_page ocr_carea ocr_par ocr_line ocrx_word'/>
</head>
<body>
  <div class='ocr_page' id='page_1' title='image "./redefrsexrisci00ciceuoft_0096.png"; bbox 0 0 1820 3068; ppageno 0'>
   <div class='ocr_carea' id='block_1_1' title="bbox 211 136 1317 180">
    <p class='ocr_par' dir='ltr' id='par_1_1' title="bbox 211 136 1317 180">
     <span class='ocr_line' id='line_1_1' title="bbox 211 136 1317 180; baseline 0.005 -12"><span class='ocrx_word' id='word_1_1' title='bbox 211 136 265 177; x_wconf 61' lang='lat'>84</span> <span class='ocrx_word' id='word_1_2' title='bbox 573 137 642 172; x_wconf 90' lang='lat' dir='ltr'>Pro</span> <span class='ocrx_word' id='word_1_3' title='bbox 670 136 752 174; x_wconf 79' lang='lat' dir='ltr'>Sex.</span> <span class='ocrx_word' id='word_1_4' title='bbox 779 138 916 173; x_wconf 84' lang='lat' dir='ltr'>Roscio</span> <span class='ocrx_word' id='word_1_5' title='bbox 944 149 974 174; x_wconf 86' lang='lat' dir='ltr'>c.</span> <span class='ocrx_word' id='word_1_6' title='bbox 1001 140 1044 175; x_wconf 73' lang='lat'>53</span> <span class='ocrx_word' id='word_1_7' title='bbox 1073 143 1091 180; x_wconf 65' lang='grc' dir='ltr'>ἓ</span> <span class='ocrx_word' id='word_1_8' title='bbox 1123 140 1317 176; x_wconf 79' lang='grc'>153-154.</span> 
     </span>
    </p>
   </div>
   <div class='ocr_carea' id='block_1_2' title="bbox 146 247 1711 1283">
    <p class='ocr_par' dir='ltr' id='par_1_2' title="bbox 210 247 1707 434">
     <span class='ocr_line' id='line_1_2' title="bbox 210 247 1707 304; baseline 0.004 -16"><span class='ocrx_word' id='word_1_9' title='bbox 210 247 325 300; x_wconf 85' lang='lat' dir='ltr'>tinet,</span> <span class='ocrx_word' id='word_1_10' title='bbox 356 247 437 289; x_wconf 87' lang='lat' dir='ltr'>nisi</span> <span class='ocrx_word' id='word_1_11' title='bbox 466 248 545 289; x_wconf 87' lang='lat' dir='ltr'>hoc</span> <span class='ocrx_word' id='word_1_12' title='bbox 574 248 727 290; x_wconf 86' lang='lat' dir='ltr'>iudicio</span> <span class='ocrx_word' id='word_1_13' title='bbox 758 262 783 290; x_wconf 92' lang='lat' dir='ltr'>a</span> <span class='ocrx_word' id='word_1_14' title='bbox 813 249 931 290; x_wconf 88' lang='lat' dir='ltr'>vobis</span> <span class='ocrx_word' id='word_1_15' title='bbox 963 249 1119 291; x_wconf 87' lang='lat' dir='ltr'>reicitis</span> <span class='ocrx_word' id='word_1_16' title='bbox 1150 255 1190 291; x_wconf 89' lang='lat' dir='ltr'>et</span> <span class='ocrx_word' id='word_1_17' title='bbox 1219 251 1522 304; x_wconf 78' lang='lat' dir='ltr'>aspernamini,</span> <span class='ocrx_word' id='word_1_18' title='bbox 1554 251 1707 304; x_wconf 86' lang='lat' dir='ltr'>videte,</span> 
     </span>
     <span class='ocr_line' id='line_1_3' title="bbox 211 314 1706 372; baseline 0.003 -18"><span class='ocrx_word' id='word_1_19' title='bbox 211 327 286 367; x_wconf 86' lang='lat' dir='ltr'>per</span> <span class='ocrx_word' id='word_1_20' title='bbox 317 314 419 355; x_wconf 91' lang='lat' dir='ltr'>deos</span> <span class='ocrx_word' id='word_1_21' title='bbox 449 314 726 365; x_wconf 83' lang='lat' dir='ltr'>immortales,</span> <span class='ocrx_word' id='word_1_22' title='bbox 772 328 893 368; x_wconf 87' lang='lat' dir='ltr'>quem</span> <span class='ocrx_word' id='word_1_23' title='bbox 940 316 980 356; x_wconf 89' lang='lat' dir='ltr'>in</span> <span class='ocrx_word' id='word_1_24' title='bbox 1011 316 1146 358; x_wconf 86' lang='lat' dir='ltr'>locum</span> <span class='ocrx_word' id='word_1_25' title='bbox 1178 330 1263 358; x_wconf 88' lang='lat' dir='ltr'>rem</span> <span class='ocrx_word' id='word_1_26' title='bbox 1294 317 1505 371; x_wconf 81' lang='lat' dir='ltr'>publicam</span> <span class='ocrx_word' id='word_1_27' title='bbox 1534 331 1706 372; x_wconf 87' lang='lat' dir='ltr'>perven-</span> 
     </span>
     <span class='ocr_line' id='line_1_4' title="bbox 210 381 550 434; baseline 0 -13"><span class='ocrx_word' id='word_1_28' title='bbox 210 384 345 421; x_wconf 87' lang='lat' dir='ltr'>turam</span> <span class='ocrx_word' id='word_1_29' title='bbox 376 381 550 434; x_wconf 84' lang='lat' dir='ltr'>putetis!</span> 
     </span>
    </p>

    <p class='ocr_par' dir='ltr' id='par_1_3' title="bbox 146 446 1711 1283">
     <span class='ocr_line' id='line_1_5' title="bbox 146 446 1707 504; baseline 0.004 -18"><span class='ocrx_word' id='word_1_30' title='bbox 146 449 197 473; x_wconf 71' lang='lat'>¹54</span> <span class='ocrx_word' id='word_1_31' title='bbox 320 446 522 488; x_wconf 81' lang='lat' dir='ltr'>Homines</span> <span class='ocrx_word' id='word_1_32' title='bbox 552 447 766 501; x_wconf 86' lang='lat' dir='ltr'>sapientes</span> <span class='ocrx_word' id='word_1_33' title='bbox 805 452 844 488; x_wconf 89' lang='lat' dir='ltr'>et</span> <span class='ocrx_word' id='word_1_34' title='bbox 883 448 964 489; x_wconf 87' lang='lat' dir='ltr'>ista</span> <span class='ocrx_word' id='word_1_35' title='bbox 997 449 1243 490; x_wconf 88' lang='lat' dir='ltr'>auctoritate</span> <span class='ocrx_word' id='word_1_36' title='bbox 1281 454 1321 490; x_wconf 86' lang='lat' dir='ltr'>et</span> <span class='ocrx_word' id='word_1_37' title='bbox 1350 453 1558 503; x_wconf 81' lang='lat' dir='ltr'>potestate</span> <span class='ocrx_word' id='word_1_38' title='bbox 1589 463 1707 504; x_wconf 85' lang='lat' dir='ltr'>prae-</span> 
     </span>
     <span class='ocr_line' id='line_1_6' title="bbox 210 512 1709 570; baseline 0.003 -18"><span class='ocrx_word' id='word_1_39' title='bbox 210 512 344 564; x_wconf 89' lang='lat' dir='ltr'>ditos,</span> <span class='ocrx_word' id='word_1_40' title='bbox 390 526 472 565; x_wconf 87' lang='lat' dir='ltr'>qua</span> <span class='ocrx_word' id='word_1_41' title='bbox 512 526 586 554; x_wconf 86' lang='lat' dir='ltr'>vos</span> <span class='ocrx_word' id='word_1_42' title='bbox 623 514 744 566; x_wconf 87' lang='lat' dir='ltr'>estis,</span> <span class='ocrx_word' id='word_1_43' title='bbox 793 527 845 555; x_wconf 78' lang='lat' dir='ltr'>ex</span> <span class='ocrx_word' id='word_1_44' title='bbox 876 515 1024 567; x_wconf 90' lang='lat' dir='ltr'>quibus</span> <span class='ocrx_word' id='word_1_45' title='bbox 1068 515 1191 556; x_wconf 87' lang='lat' dir='ltr'>rebus</span> <span class='ocrx_word' id='word_1_46' title='bbox 1222 516 1402 557; x_wconf 74' lang='lat' dir='ltr'>maxime</span> <span class='ocrx_word' id='word_1_47' title='bbox 1442 530 1508 557; x_wconf 89' lang='lat' dir='ltr'>res</span> <span class='ocrx_word' id='word_1_48' title='bbox 1540 516 1709 570; x_wconf 90' lang='lat' dir='ltr'>publica</span> 
     </span>
     <span class='ocr_line' id='line_1_7' title="bbox 209 579 1709 635; baseline 0.002 -15"><span class='ocrx_word' id='word_1_49' title='bbox 209 579 394 631; x_wconf 85' lang='lat' dir='ltr'>laborat,</span> <span class='ocrx_word' id='word_1_50' title='bbox 441 579 491 619; x_wconf 92' lang='lat' dir='ltr'>iis</span> <span class='ocrx_word' id='word_1_51' title='bbox 538 580 718 621; x_wconf 71' lang='lat' dir='ltr'>maxime</span> <span class='ocrx_word' id='word_1_52' title='bbox 764 581 920 622; x_wconf 85' lang='lat' dir='ltr'>mederi</span> <span class='ocrx_word' id='word_1_53' title='bbox 958 581 1163 622; x_wconf 83' lang='lat' dir='ltr'>convenit.</span> <span class='ocrx_word' id='word_1_54' title='bbox 1231 582 1423 623; x_wconf 87' lang='lat' dir='ltr'>Vestrum</span> <span class='ocrx_word' id='word_1_55' title='bbox 1467 595 1588 623; x_wconf 89' lang='lat' dir='ltr'>nemo</span> <span class='ocrx_word' id='word_1_56' title='bbox 1633 589 1709 635; x_wconf 89' lang='lat' dir='ltr'>est,</span> 
     </span>
     <span class='ocr_line' id='line_1_8' title="bbox 210 644 1709 702; baseline 0.004 -18"><span class='ocrx_word' id='word_1_57' title='bbox 210 644 307 698; x_wconf 91' lang='lat' dir='ltr'>quin</span> <span class='ocrx_word' id='word_1_58' title='bbox 338 644 556 698; x_wconf 82' lang='lat' dir='ltr'>intellegat</span> <span class='ocrx_word' id='word_1_59' title='bbox 600 646 799 700; x_wconf 88' lang='lat' dir='ltr'>populum</span> <span class='ocrx_word' id='word_1_60' title='bbox 831 648 1082 701; x_wconf 88' lang='lat' dir='ltr'>Romanum,</span> <span class='ocrx_word' id='word_1_61' title='bbox 1126 649 1195 700; x_wconf 91' lang='lat' dir='ltr'>qui</span> <span class='ocrx_word' id='word_1_62' title='bbox 1233 649 1442 702; x_wconf 83' lang='lat' dir='ltr'>quondam</span> <span class='ocrx_word' id='word_1_63' title='bbox 1482 649 1522 689; x_wconf 93' lang='lat' dir='ltr'>in</span> <span class='ocrx_word' id='word_1_64' title='bbox 1567 649 1709 690; x_wconf 90' lang='lat' dir='ltr'>hostes</span> 
     </span>
     <span class='ocr_line' id='line_1_9' title="bbox 209 710 1708 768; baseline 0.003 -16"><span class='ocrx_word' id='word_1_65' title='bbox 209 710 447 752; x_wconf 86' lang='lat' dir='ltr'>lenissimus</span> <span class='ocrx_word' id='word_1_66' title='bbox 479 712 818 764; x_wconf 76' lang='lat' dir='ltr'>existimabatur,</span> <span class='ocrx_word' id='word_1_67' title='bbox 863 714 942 755; x_wconf 85' lang='lat' dir='ltr'>hoc</span> <span class='ocrx_word' id='word_1_68' title='bbox 983 718 1170 768; x_wconf 89' lang='lat' dir='ltr'>tempore</span> <span class='ocrx_word' id='word_1_69' title='bbox 1202 714 1433 756; x_wconf 87' lang='lat' dir='ltr'>domestica</span> <span class='ocrx_word' id='word_1_70' title='bbox 1463 715 1708 757; x_wconf 82' lang='lat' dir='ltr'>crudelitate</span> 
     </span>
     <span class='ocr_line' id='line_1_10' title="bbox 208 777 1709 836; baseline 0.004 -18"><span class='ocrx_word' id='word_1_71' title='bbox 208 777 415 818; x_wconf 86' lang='lat' dir='ltr'>laborare.</span> <span class='ocrx_word' id='word_1_72' title='bbox 475 778 596 820; x_wconf 90' lang='lat' dir='ltr'>Hanc</span> <span class='ocrx_word' id='word_1_73' title='bbox 633 780 765 821; x_wconf 87' lang='lat' dir='ltr'>tollite</span> <span class='ocrx_word' id='word_1_74' title='bbox 794 793 845 821; x_wconf 85' lang='lat' dir='ltr'>ex</span> <span class='ocrx_word' id='word_1_75' title='bbox 877 779 1066 831; x_wconf 87' lang='lat' dir='ltr'>civitate,</span> <span class='ocrx_word' id='word_1_76' title='bbox 1106 780 1283 832; x_wconf 87' lang='lat' dir='ltr'>iudices,</span> <span class='ocrx_word' id='word_1_77' title='bbox 1325 781 1433 822; x_wconf 84' lang='lat' dir='ltr'>hanc</span> <span class='ocrx_word' id='word_1_78' title='bbox 1464 781 1551 836; x_wconf 91' lang='lat' dir='ltr'>pati</span> <span class='ocrx_word' id='word_1_79' title='bbox 1581 782 1709 824; x_wconf 86' lang='lat' dir='ltr'>nolite</span> 
     </span>
     <span class='ocr_line' id='line_1_11' title="bbox 209 843 1711 901; baseline 0.004 -18"><span class='ocrx_word' id='word_1_80' title='bbox 209 843 362 884; x_wconf 86' lang='lat' dir='ltr'>diutius</span> <span class='ocrx_word' id='word_1_81' title='bbox 394 843 435 884; x_wconf 89' lang='lat' dir='ltr'>in</span> <span class='ocrx_word' id='word_1_82' title='bbox 467 844 546 886; x_wconf 89' lang='lat' dir='ltr'>hac</span> <span class='ocrx_word' id='word_1_83' title='bbox 575 859 619 887; x_wconf 88' lang='lat' dir='ltr'>re</span> <span class='ocrx_word' id='word_1_84' title='bbox 660 847 829 901; x_wconf 87' lang='lat' dir='ltr'>publica</span> <span class='ocrx_word' id='word_1_85' title='bbox 859 847 1040 897; x_wconf 83' lang='lat' dir='ltr'>versari3</span> <span class='ocrx_word' id='word_1_86' title='bbox 1087 860 1194 900; x_wconf 87' lang='lat' dir='ltr'>quae</span> <span class='ocrx_word' id='word_1_87' title='bbox 1238 860 1320 888; x_wconf 90' lang='lat' dir='ltr'>non</span> <span class='ocrx_word' id='word_1_88' title='bbox 1355 847 1479 889; x_wconf 89' lang='lat' dir='ltr'>modo</span> <span class='ocrx_word' id='word_1_89' title='bbox 1510 848 1553 889; x_wconf 87' lang='lat' dir='ltr'>id</span> <span class='ocrx_word' id='word_1_90' title='bbox 1584 848 1711 890; x_wconf 87' lang='lat' dir='ltr'>habet</span> 
     </span>
     <span class='ocr_line' id='line_1_12' title="bbox 208 909 1709 966; baseline 0.004 -16"><span class='ocrx_word' id='word_1_91' title='bbox 208 909 249 950; x_wconf 93' lang='lat' dir='ltr'>in</span> <span class='ocrx_word' id='word_1_92' title='bbox 279 922 325 951; x_wconf 87' lang='lat' dir='ltr'>se</span> <span class='ocrx_word' id='word_1_93' title='bbox 357 910 474 962; x_wconf 87' lang='lat' dir='ltr'>mali,</span> <span class='ocrx_word' id='word_1_94' title='bbox 521 912 630 964; x_wconf 90' lang='lat' dir='ltr'>quod</span> <span class='ocrx_word' id='word_1_95' title='bbox 663 916 722 953; x_wconf 87' lang='lat' dir='ltr'>tot</span> <span class='ocrx_word' id='word_1_96' title='bbox 752 913 864 954; x_wconf 87' lang='lat' dir='ltr'>cives</span> <span class='ocrx_word' id='word_1_97' title='bbox 896 913 1155 955; x_wconf 84' lang='lat' dir='ltr'>atrocissime</span> <span class='ocrx_word' id='word_1_98' title='bbox 1187 913 1371 966; x_wconf 84' lang='lat' dir='ltr'>sustulit,</span> <span class='ocrx_word' id='word_1_99' title='bbox 1412 927 1553 955; x_wconf 88' lang='lat' dir='ltr'>verum</span> <span class='ocrx_word' id='word_1_100' title='bbox 1585 915 1709 956; x_wconf 88' lang='lat' dir='ltr'>etiam</span> 
     </span>
     <span class='ocr_line' id='line_1_13' title="bbox 209 976 1710 1022; baseline 0.004 -6"><span class='ocrx_word' id='word_1_101' title='bbox 209 976 446 1018; x_wconf 90' lang='lat' dir='ltr'>hominibus</span> <span class='ocrx_word' id='word_1_102' title='bbox 485 977 709 1020; x_wconf 84' lang='lat' dir='ltr'>lenissimis</span> <span class='ocrx_word' id='word_1_103' title='bbox 757 980 913 1021; x_wconf 86' lang='lat' dir='ltr'>ademit</span> <span class='ocrx_word' id='word_1_104' title='bbox 958 980 1288 1021; x_wconf 87' lang='lat' dir='ltr'>misericordiam</span> <span class='ocrx_word' id='word_1_105' title='bbox 1320 980 1618 1022; x_wconf 90' lang='lat' dir='ltr'>consuetudine</span> <span class='ocrx_word' id='word_1_106' title='bbox 1650 981 1710 1022; x_wconf 89' lang='lat' dir='ltr'>in-</span> 
     </span>
     <span class='ocr_line' id='line_1_14' title="bbox 209 1042 1709 1099; baseline 0.004 -17"><span class='ocrx_word' id='word_1_107' title='bbox 209 1042 533 1085; x_wconf 89' lang='lat' dir='ltr'>commodorum.</span> <span class='ocrx_word' id='word_1_108' title='bbox 579 1044 688 1086; x_wconf 88' lang='lat' dir='ltr'>Nam</span> <span class='ocrx_word' id='word_1_109' title='bbox 720 1059 810 1087; x_wconf 86' lang='lat' dir='ltr'>cum</span> <span class='ocrx_word' id='word_1_110' title='bbox 843 1047 1033 1088; x_wconf 89' lang='lat' dir='ltr'>omnibus</span> <span class='ocrx_word' id='word_1_111' title='bbox 1063 1046 1176 1087; x_wconf 91' lang='lat' dir='ltr'>horis</span> <span class='ocrx_word' id='word_1_112' title='bbox 1208 1047 1365 1099; x_wconf 88' lang='lat' dir='ltr'>aliquid</span> <span class='ocrx_word' id='word_1_113' title='bbox 1397 1048 1593 1089; x_wconf 83' lang='lat' dir='ltr'>atrociter</span> <span class='ocrx_word' id='word_1_114' title='bbox 1622 1048 1709 1090; x_wconf 90' lang='lat' dir='ltr'>fieri</span> 
     </span>
     <span class='ocr_line' id='line_1_15' title="bbox 208 1108 1710 1166; baseline 0.005 -18"><span class='ocrx_word' id='word_1_115' title='bbox 208 1108 398 1150; x_wconf 84' lang='lat' dir='ltr'>videmus</span> <span class='ocrx_word' id='word_1_116' title='bbox 431 1115 501 1151; x_wconf 88' lang='lat' dir='ltr'>aut</span> <span class='ocrx_word' id='word_1_117' title='bbox 531 1111 737 1165; x_wconf 86' lang='lat' dir='ltr'>audimus,</span> <span class='ocrx_word' id='word_1_118' title='bbox 770 1113 895 1153; x_wconf 89' lang='lat' dir='ltr'>etiam</span> <span class='ocrx_word' id='word_1_119' title='bbox 920 1113 988 1166; x_wconf 91' lang='lat' dir='ltr'>qui</span> <span class='ocrx_word' id='word_1_120' title='bbox 1010 1117 1158 1154; x_wconf 82' lang='lat' dir='ltr'>natura</span> <span class='ocrx_word' id='word_1_121' title='bbox 1177 1113 1383 1154; x_wconf 88' lang='lat' dir='ltr'>mitissimi</span> <span class='ocrx_word' id='word_1_122' title='bbox 1409 1126 1568 1166; x_wconf 90' lang='lat' dir='ltr'>sumus,</span> <span class='ocrx_word' id='word_1_123' title='bbox 1600 1113 1710 1155; x_wconf 86' lang='lat' dir='ltr'>adsi-</span> 
     </span>
     <span class='ocr_line' id='line_1_16' title="bbox 207 1174 1711 1222; baseline 0.004 -7"><span class='ocrx_word' id='word_1_124' title='bbox 207 1174 365 1217; x_wconf 88' lang='lat' dir='ltr'>duitate</span> <span class='ocrx_word' id='word_1_125' title='bbox 414 1177 699 1218; x_wconf 87' lang='lat' dir='ltr'>molestiarum</span> <span class='ocrx_word' id='word_1_126' title='bbox 744 1192 910 1221; x_wconf 87' lang='lat' dir='ltr'>sensum</span> <span class='ocrx_word' id='word_1_127' title='bbox 960 1192 1123 1220; x_wconf 88' lang='lat' dir='ltr'>omnem</span> <span class='ocrx_word' id='word_1_128' title='bbox 1165 1179 1435 1221; x_wconf 88' lang='lat' dir='ltr'>humanitatis</span> <span class='ocrx_word' id='word_1_129' title='bbox 1477 1193 1528 1221; x_wconf 80' lang='lat' dir='ltr'>ex</span> <span class='ocrx_word' id='word_1_130' title='bbox 1560 1180 1711 1222; x_wconf 90' lang='lat' dir='ltr'>animis</span> 
     </span>
     <span class='ocr_line' id='line_1_17' title="bbox 209 1241 449 1283; baseline 0.008 -2"><span class='ocrx_word' id='word_1_131' title='bbox 209 1241 449 1283; x_wconf 86' lang='lat' dir='ltr'>amittimus.</span> 
     </span>
    </p>
   </div>
   <div class='ocr_carea' id='block_1_3' title="bbox 209 1330 427 1334">
    <p class='ocr_par' dir='ltr' id='par_1_4' title="bbox 209 1330 427 1334">
     <span class='ocr_line' id='line_1_18' title="bbox 209 1330 427 1334; baseline 0 0"><span class='ocrx_word' id='word_1_132' title='bbox 209 1330 427 1334; x_wconf 95' lang='lat' dir='ltr'> </span> 
     </span>
    </p>
   </div>
   <div class='ocr_carea' id='block_1_4' title="bbox 429 1330 537 1333">
    <p class='ocr_par' dir='ltr' id='par_1_5' title="bbox 429 1330 537 1333">
     <span class='ocr_line' id='line_1_19' title="bbox 429 1330 537 1333; baseline 0 0"><span class='ocrx_word' id='word_1_133' title='bbox 429 1330 537 1333; x_wconf 95' lang='lat' dir='ltr'> </span> 
     </span>
    </p>
   </div>
   <div class='ocr_carea' id='block_1_5' title="bbox 204 1369 1713 2000">
    <p class='ocr_par' dir='ltr' id='par_1_6' title="bbox 307 1369 545 1404">
     <span class='ocr_line' id='line_1_20' title="bbox 307 1369 545 1404; baseline 0.004 -1"><span class='ocrx_word' id='word_1_134' title='bbox 307 1369 451 1404; x_wconf 71' lang='lat' dir='ltr'>Testim.</span> <span class='ocrx_word' id='word_1_135' title='bbox 478 1373 545 1404; x_wconf 68' lang='lat' dir='ltr'>vet.</span> 
     </span>
    </p>

    <p class='ocr_par' dir='ltr' id='par_1_7' title="bbox 208 1428 1713 1532">
     <span class='ocr_line' id='line_1_21' title="bbox 303 1428 1713 1474; baseline 0.002 -11"><span class='ocrx_word' id='word_1_136' title='bbox 303 1431 322 1470; x_wconf 69' lang='grc' dir='ltr'>ἓ</span> <span class='ocrx_word' id='word_1_137' title='bbox 354 1429 430 1464; x_wconf 81' lang='grc'>154.</span> <span class='ocrx_word' id='word_1_138' title='bbox 494 1428 715 1463; x_wconf 83' lang='lat' dir='ltr'>Arusian.</span> <span class='ocrx_word' id='word_1_139' title='bbox 751 1429 880 1464; x_wconf 85' lang='lat' dir='ltr'>Mess</span> <span class='ocrx_word' id='word_1_140' title='bbox 909 1429 977 1464; x_wconf 91' lang='lat' dir='ltr'>VlI</span> <span class='ocrx_word' id='word_1_141' title='bbox 1011 1439 1046 1473; x_wconf 91' lang='lat' dir='ltr'>p.</span> <span class='ocrx_word' id='word_1_142' title='bbox 1083 1431 1171 1471; x_wconf 75' lang='lat'>492,</span> <span class='ocrx_word' id='word_1_143' title='bbox 1204 1433 1246 1467; x_wconf 83' lang='lat'>10</span> <span class='ocrx_word' id='word_1_144' title='bbox 1283 1431 1325 1465; x_wconf 90' lang='lat' dir='ltr'>K.</span> <span class='ocrx_word' id='word_1_145' title='bbox 1352 1430 1426 1466; x_wconf 88' lang='lat' dir='ltr'>Cic.</span> <span class='ocrx_word' id='word_1_146' title='bbox 1460 1441 1527 1474; x_wconf 87' lang='lat' dir='ltr'>pro</span> <span class='ocrx_word' id='word_1_147' title='bbox 1560 1431 1713 1470; x_wconf 82' lang='lat' dir='ltr'>Rosc.;</span> 
     </span>
     <span class='ocr_line' id='line_1_22' title="bbox 208 1485 1628 1532; baseline 0.003 -12"><span class='ocrx_word' id='word_1_148' title='bbox 208 1485 384 1529; x_wconf 86' lang='lat' dir='ltr'>‚homines</span> <span class='ocrx_word' id='word_1_149' title='bbox 411 1487 707 1531; x_wconf 84' lang='lat' dir='ltr'>sapientissimos</span> <span class='ocrx_word' id='word_1_150' title='bbox 734 1488 796 1523; x_wconf 91' lang='lat' dir='ltr'>iud</span> <span class='ocrx_word' id='word_1_151' title='bbox 820 1516 827 1531; x_wconf 92' lang='lat'>,</span> <span class='ocrx_word' id='word_1_152' title='bbox 855 1487 988 1532; x_wconf 87' lang='lat' dir='ltr'>quibus</span> <span class='ocrx_word' id='word_1_153' title='bbox 1014 1487 1123 1523; x_wconf 88' lang='lat' dir='ltr'>rebus</span> <span class='ocrx_word' id='word_1_154' title='bbox 1151 1489 1240 1524; x_wconf 86' lang='lat' dir='ltr'>*me</span> <span class='ocrx_word' id='word_1_155' title='bbox 1267 1489 1403 1525; x_wconf 88' lang='lat' dir='ltr'>mederi</span> <span class='ocrx_word' id='word_1_156' title='bbox 1431 1491 1628 1526; x_wconf 86' lang='lat' dir='ltr'>convenit.‘</span> 
     </span>
    </p>

    <p class='ocr_par' dir='ltr' id='par_1_8' title="bbox 302 1545 518 1580">
     <span class='ocr_line' id='line_1_23' title="bbox 302 1545 518 1580; baseline 0.005 -1"><span class='ocrx_word' id='word_1_157' title='bbox 302 1545 424 1580; x_wconf 70' lang='lat' dir='ltr'>Sclzol.</span> <span class='ocrx_word' id='word_1_158' title='bbox 456 1546 518 1580; x_wconf 80' lang='lat' dir='ltr'>Gr.</span> 
     </span>
    </p>

    <p class='ocr_par' dir='ltr' id='par_1_9' title="bbox 205 1605 1709 1708">
     <span class='ocr_line' id='line_1_24' title="bbox 298 1605 1709 1651; baseline 0.003 -13"><span class='ocrx_word' id='word_1_159' title='bbox 298 1605 392 1648; x_wconf 84' lang='lat' dir='ltr'>Kap.</span> <span class='ocrx_word' id='word_1_160' title='bbox 421 1605 501 1639; x_wconf 90' lang='lat' dir='ltr'>LIII</span> <span class='ocrx_word' id='word_1_161' title='bbox 529 1609 547 1647; x_wconf 64' lang='grc' dir='ltr'>ξ</span> <span class='ocrx_word' id='word_1_162' title='bbox 576 1607 656 1641; x_wconf 80' lang='lat'><strong>154.</strong></span> <span class='ocrx_word' id='word_1_163' title='bbox 706 1606 929 1641; x_wconf 88' lang='lat' dir='ltr'>Homines</span> <span class='ocrx_word' id='word_1_164' title='bbox 956 1605 1220 1651; x_wconf 86' lang='lat' dir='ltr'>sapientes]</span> <span class='ocrx_word' id='word_1_165' title='bbox 1255 1605 1442 1651; x_wconf 87' lang='lat' dir='ltr'>Sapientis</span> <span class='ocrx_word' id='word_1_166' title='bbox 1476 1607 1545 1643; x_wconf 90' lang='lat' dir='ltr'>viri</span> <span class='ocrx_word' id='word_1_167' title='bbox 1582 1611 1639 1643; x_wconf 88' lang='lat' dir='ltr'>est</span> <span class='ocrx_word' id='word_1_168' title='bbox 1676 1607 1709 1642; x_wconf 90' lang='lat' dir='ltr'>ei</span> 
     </span>
     <span class='ocr_line' id='line_1_25' title="bbox 205 1663 1018 1708; baseline 0.002 -11"><span class='ocrx_word' id='word_1_169' title='bbox 205 1663 277 1706; x_wconf 75' lang='lat' dir='ltr'>rei,</span> <span class='ocrx_word' id='word_1_170' title='bbox 306 1664 425 1708; x_wconf 85' lang='lat' dir='ltr'>qua¹)</span> <span class='ocrx_word' id='word_1_171' title='bbox 456 1663 618 1708; x_wconf 81' lang='lat' dir='ltr'>laborat,</span> <span class='ocrx_word' id='word_1_172' title='bbox 647 1665 780 1700; x_wconf 84' lang='lat' dir='ltr'>afferre</span> <span class='ocrx_word' id='word_1_173' title='bbox 806 1665 1018 1700; x_wconf 86' lang='lat' dir='ltr'>remedium.</span> 
     </span>
    </p>

    <p class='ocr_par' dir='ltr' id='par_1_10' title="bbox 204 1722 1710 2000">
     <span class='ocr_line' id='line_1_26' title="bbox 299 1722 1708 1769; baseline 0.002 -13"><span class='ocrx_word' id='word_1_174' title='bbox 299 1722 465 1757; x_wconf 86' lang='lat' dir='ltr'>Verum</span> <span class='ocrx_word' id='word_1_175' title='bbox 494 1723 636 1758; x_wconf 86' lang='lat' dir='ltr'>etiam</span> <span class='ocrx_word' id='word_1_176' title='bbox 662 1723 933 1769; x_wconf 89' lang='lat' dir='ltr'>hominibus]</span> <span class='ocrx_word' id='word_1_177' title='bbox 964 1724 1117 1769; x_wconf 85' lang='lat' dir='ltr'>Semper</span> <span class='ocrx_word' id='word_1_178' title='bbox 1140 1724 1309 1759; x_wconf 85' lang='lat' dir='ltr'>vicinitas</span> <span class='ocrx_word' id='word_1_179' title='bbox 1336 1735 1379 1759; x_wconf 81' lang='lat' dir='ltr'>ex</span> <span class='ocrx_word' id='word_1_180' title='bbox 1395 1724 1520 1759; x_wconf 85' lang='lat' dir='ltr'>aliena</span> <span class='ocrx_word' id='word_1_181' title='bbox 1539 1724 1708 1769; x_wconf 85' lang='lat' dir='ltr'>rubigine</span> 
     </span>
     <span class='ocr_line' id='line_1_27' title="bbox 204 1780 1710 1826; baseline 0.002 -12"><span class='ocrx_word' id='word_1_182' title='bbox 204 1780 356 1815; x_wconf 89' lang='lat' dir='ltr'>livorem</span> <span class='ocrx_word' id='word_1_183' title='bbox 392 1780 558 1825; x_wconf 81' lang='lat' dir='ltr'>trahit2).</span> <span class='ocrx_word' id='word_1_184' title='bbox 608 1783 735 1817; x_wconf 82' lang='lat' dir='ltr'>Monet</span> <span class='ocrx_word' id='word_1_185' title='bbox 771 1787 892 1818; x_wconf 82' lang='lat' dir='ltr'>autem</span> <span class='ocrx_word' id='word_1_186' title='bbox 925 1784 1066 1819; x_wconf 87' lang='lat' dir='ltr'>iudices</span> <span class='ocrx_word' id='word_1_187' title='bbox 1101 1783 1248 1826; x_wconf 87' lang='lat' dir='ltr'>Cicero,</span> <span class='ocrx_word' id='word_1_188' title='bbox 1281 1794 1326 1818; x_wconf 87' lang='lat' dir='ltr'>ne</span> <span class='ocrx_word' id='word_1_189' title='bbox 1363 1783 1533 1818; x_wconf 85' lang='lat' dir='ltr'>crudeles</span> <span class='ocrx_word' id='word_1_190' title='bbox 1565 1783 1639 1818; x_wconf 87' lang='lat' dir='ltr'>sint</span> <span class='ocrx_word' id='word_1_191' title='bbox 1673 1787 1710 1818; x_wconf 89' lang='lat' dir='ltr'>et</span> 
     </span>
     <span class='ocr_line' id='line_1_28' title="bbox 205 1837 1707 1887; baseline 0.002 -14"><span class='ocrx_word' id='word_1_192' title='bbox 205 1839 389 1874; x_wconf 87' lang='lat' dir='ltr'>incassum</span> <span class='ocrx_word' id='word_1_193' title='bbox 417 1837 651 1876; x_wconf 82' lang='lat' dir='ltr'>interficiant.</span> <span class='ocrx_word' id='word_1_194' title='bbox 705 1841 898 1885; x_wconf 80' lang='lat' dir='ltr'>Quamvis,</span> <span class='ocrx_word' id='word_1_195' title='bbox 926 1843 1060 1887; x_wconf 83' lang='lat' dir='ltr'>inquit,</span> <span class='ocrx_word' id='word_1_196' title='bbox 1089 1843 1223 1887; x_wconf 85' lang='lat' dir='ltr'>aliquis</span> <span class='ocrx_word' id='word_1_197' title='bbox 1251 1846 1465 1877; x_wconf 81' lang='lat' dir='ltr'>mansuetus</span> <span class='ocrx_word' id='word_1_198' title='bbox 1492 1842 1558 1886; x_wconf 83' lang='lat' dir='ltr'>sit,</span> <span class='ocrx_word' id='word_1_199' title='bbox 1585 1847 1707 1877; x_wconf 86' lang='lat' dir='ltr'>tamen</span> 
     </span>
     <span class='ocr_line' id='line_1_29' title="bbox 204 1897 1709 1945; baseline 0.003 -13"><span class='ocrx_word' id='word_1_200' title='bbox 204 1897 285 1933; x_wconf 81' lang='lat' dir='ltr'>visa</span> <span class='ocrx_word' id='word_1_201' title='bbox 311 1898 533 1934; x_wconf 86' lang='lat' dir='ltr'>crudelitate</span> <span class='ocrx_word' id='word_1_202' title='bbox 561 1897 603 1935; x_wconf 89' lang='lat' dir='ltr'>fit</span> <span class='ocrx_word' id='word_1_203' title='bbox 628 1900 832 1944; x_wconf 74' lang='lat' dir='ltr'>crudelior-3</span> <span class='ocrx_word' id='word_1_204' title='bbox 859 1905 895 1936; x_wconf 85' lang='lat' dir='ltr'>et</span> <span class='ocrx_word' id='word_1_205' title='bbox 917 1911 1094 1945; x_wconf 81' lang='lat' dir='ltr'>praesens</span> <span class='ocrx_word' id='word_1_206' title='bbox 1126 1901 1328 1937; x_wconf 85' lang='lat' dir='ltr'>crudelitas</span> <span class='ocrx_word' id='word_1_207' title='bbox 1359 1901 1563 1936; x_wconf 83' lang='lat' dir='ltr'>omittenda</span> <span class='ocrx_word' id='word_1_208' title='bbox 1589 1905 1646 1936; x_wconf 90' lang='lat' dir='ltr'>est</span> <span class='ocrx_word' id='word_1_209' title='bbox 1672 1904 1709 1936; x_wconf 87' lang='lat' dir='ltr'>et</span> 
     </span>
     <span class='ocr_line' id='line_1_30' title="bbox 204 1957 566 2000; baseline 0.006 -10"><span class='ocrx_word' id='word_1_210' title='bbox 204 1957 373 2000; x_wconf 88' lang='lat' dir='ltr'>superior</span> <span class='ocrx_word' id='word_1_211' title='bbox 397 1957 566 1993; x_wconf 87' lang='lat' dir='ltr'>delenda.</span> 
     </span>
    </p>
   </div>
   <div class='ocr_carea' id='block_1_6' title="bbox 300 2063 1483 2107">
    <p class='ocr_par' dir='ltr' id='par_1_11' title="bbox 300 2063 1483 2107">
     <span class='ocr_line' id='line_1_31' title="bbox 300 2063 1483 2107; baseline 0.002 -13"><span class='ocrx_word' id='word_1_212' title='bbox 300 2063 333 2106; x_wconf 92' lang='lat'>1)</span> <span class='ocrx_word' id='word_1_213' title='bbox 361 2064 400 2096; x_wconf 89' lang='lat' dir='ltr'>G.</span> <span class='ocrx_word' id='word_1_214' title='bbox 432 2064 489 2097; x_wconf 88' lang='lat' dir='ltr'>Gr.</span> <span class='ocrx_word' id='word_1_215' title='bbox 516 2064 582 2105; x_wconf 87' lang='lat' dir='ltr'>qui.</span> <span class='ocrx_word' id='word_1_216' title='bbox 618 2083 658 2087; x_wconf 89' lang='lat'><strong>—</strong></span> <span class='ocrx_word' id='word_1_217' title='bbox 711 2064 744 2107; x_wconf 83' lang='lat'>2)</span> <span class='ocrx_word' id='word_1_218' title='bbox 774 2065 950 2106; x_wconf 84' lang='lat' dir='ltr'>,proverbii</span> <span class='ocrx_word' id='word_1_219' title='bbox 976 2067 1059 2098; x_wconf 83' lang='lat' dir='ltr'>haec</span> <span class='ocrx_word' id='word_1_220' title='bbox 1086 2066 1228 2107; x_wconf 87' lang='lat' dir='ltr'>speciem</span> <span class='ocrx_word' id='word_1_221' title='bbox 1254 2066 1399 2097; x_wconf 65' lang='lat' dir='ltr'>habentf</span> <span class='ocrx_word' id='word_1_222' title='bbox 1427 2065 1483 2097; x_wconf 89' lang='lat' dir='ltr'>Or.</span> 
     </span>
    </p>
   </div>
  </div>
 </body>
</html>
