1820 3068
544 130 616 165 Pro
642 129 725 165 Sex.
752 129 889 165 Roscio
916 140 946 165 c.
976 131 1019 166 17
1047 132 1066 172 ἓ
1093 131 1148 166 49.
1537 131 1589 172 41

98 241 278 283 maxime
322 240 564 282 laudentur:
623 241 706 281 iam
748 240 938 294 profecto
984 244 1023 282 te
1066 240 1288 294 intelleges
1332 240 1474 294 inopia
1517 240 1592 282 cri-

98 309 253 349 minum
284 320 485 348 summam
519 307 684 349 laudem
716 307 813 349 Sex.
847 306 998 348 Roscio
1031 307 1131 348 vitio
1163 310 1202 347 et
1232 306 1380 360 culpae
1412 306 1593 348 dedisse.

99 374 233 415 XVII.
283 375 344 414 Ac
386 386 469 414 non
513 373 638 415 modo
682 373 762 415 hoc
805 377 969 428 patrum
1014 374 1226 414 voluntate
1265 372 1384 414 liberi
1423 372 1594 425 faciunt,

99 439 173 482 sed
212 440 439 494 permultos
479 444 518 482 et
558 453 636 493 ego
674 440 770 482 novi
802 444 861 492 et,
906 439 985 480 nisi
1023 452 1087 480 me
1119 439 1228 480 fallit
1259 438 1443 490 animus,
1492 451 1595 479 unus

101 506 276 560 quisque
315 510 518 559 vestrum,
564 506 631 560 qui
672 511 711 548 et
749 506 830 561 ipsi
868 505 1026 547 incensi
1066 509 1160 547 sunt
1197 505 1354 555 studio,
1401 504 1512 558 quod
1542 504 1597 546 ad

101 586 247 626 agrum
284 572 502 614 colendum
533 573 702 626 attinet,
744 573 954 625 vitamque
993 572 1102 614 hanc
1137 572 1359 622 rusticam,
1400 584 1524 624 quam
1554 575 1597 612 tu

100 639 255 693 probro
286 643 326 680 et
356 639 516 680 crimini
554 643 677 694 putas
714 653 807 681 esse
848 643 1060 693 oportere,
1103 643 1142 680 et
1181 638 1519 680 honestissimam
1559 642 1599 679 et

100 705 392 747 suavissimam
424 719 516 748 esse
547 706 812 747 arbitrantur.
878 705 986 755 Quid
1018 718 1163 746 censes
1194 705 1303 747 hunc
1331 705 1468 759 ipsum
1499 704 1596 746 Sex.
1611 711 1645 736 4⁹

198 804 340 838 Testim.
365 807 431 838 vet.

196 863 306 897 Schol
345 862 407 897 Gr.
458 862 552 905 Kap.
586 862 691 897 XVII
749 862 838 897 Sed
870 861 1130 906 permultos
1171 870 1256 905 ego
1290 859 1408 904 novi]
1461 859 1599 894 Sensus

100 921 207 957 huius
234 921 364 966 capitis
391 921 477 957 talis
504 925 576 957 est:
618 922 699 957 Non
731 921 840 956 modo
876 925 1049 966 parentes
1085 916 1181 954 filios
1208 930 1296 955 suos
1322 919 1451 954 volunt
1476 918 1599 953 studio

101 981 181 1026 agri
208 980 394 1024 colendi¹)
432 980 602 1023 detineri,
638 981 706 1016 sed
721 982 751 1024 2)
781 981 816 1016 in
843 984 986 1016 tantum
1011 982 1142 1024 putant
1167 978 1279 1014 vitam
1305 978 1479 1014 rusticam
1505 977 1597 1022 opti-

101 1050 206 1083 mam,
234 1043 274 1075 ut
299 1043 335 1076 et
359 1040 429 1083 ipsi
457 1039 578 1075 studio
606 1040 685 1084 agri
713 1039 857 1074 colendi
884 1049 1032 1084 operam
1055 1038 1153 1074 dent.

196 1102 215 1141 ξ
243 1100 286 1135 49
349 1099 412 1133 Tu
438 1098 661 1133 callidior
686 1109 813 1143 quam
839 1098 923 1144 hic]
962 1099 1119 1133 Diversa
1146 1096 1292 1140 quidem
1319 1093 1478 1130 artificia
1505 1097 1600 1136 sunt,

103 1158 188 1202 sed,
225 1157 393 1202 quotiens
420 1157 466 1192 ad
492 1155 601 1192 finem
629 1159 797 1200 veniunt,
824 1157 958 1192 similia
983 1161 1085 1200 sunt,
1123 1155 1352 1200 antiquarius
1380 1158 1416 1189 et
1442 1153 1600 1187 advoca-

102 1217 229 1260 tusss).
280 1216 355 1252 Ars
395 1217 543 1262 quidem
577 1217 762 1252 dissimilis
796 1220 871 1258 est,
911 1216 976 1251 sed
1011 1221 1136 1251 tamen
1169 1225 1241 1249 ars.
1307 1213 1373 1248 Est
1393 1214 1426 1257 4)
1465 1213 1501 1246 in
1534 1220 1602 1246 sua

105 1276 260 1321 quisque
297 1279 375 1310 arte
410 1276 538 1311 melior
563 1276 645 1317 illo,
682 1286 791 1319 quum
818 1276 958 1320 peritus
986 1278 1023 1309 in
1049 1274 1200 1309 meliore
1229 1276 1307 1307 arte
1335 1275 1391 1307 est
1419 1271 1601 1316 [positus].
1654 1287 1658 1290 ·

103 1335 256 1370 Erucius
283 1340 479 1370 accusator
505 1334 690 1370 obiciebat
715 1335 888 1370 rusticam
915 1334 1026 1368 vitam
1052 1333 1203 1369 Roscio.
1262 1331 1361 1366 Dicit
1386 1330 1539 1371 Tullius,
1566 1329 1602 1363 in

105 1393 176 1429 hoc
200 1394 385 1429 meliorem
408 1405 490 1430 esse
505 1394 679 1430 Roscium
693 1394 840 1437 Erucio,
868 1393 967 1439 quod
990 1393 1117 1428 melior
1143 1393 1190 1427 sit
1209 1391 1269 1425 ille
1291 1389 1467 1434 agricola,
1494 1397 1602 1433 quam

103 1453 165 1489 ille
190 1457 403 1497 accusator,
430 1453 494 1488 illa
520 1453 661 1489 scilicet
687 1453 925 1496 condicione,
954 1462 1026 1497 qua
1053 1451 1222 1496 superius
1246 1449 1413 1484 diximus.

199 1513 251 1548 Et
291 1512 558 1548 artificium
598 1511 952 1558 obliviscatur]
1005 1511 1142 1547 Sensus
1180 1509 1266 1545 talis
1304 1513 1379 1544 est:
1431 1506 1603 1552 quoniam

107 1571 370 1618 Chrysogonus
398 1572 623 1616 vituperavit
647 1573 760 1608 vitam
790 1572 980 1613 rusticam,
1019 1570 1164 1606 desinat
1192 1569 1272 1613 ipse
1300 1566 1453 1611 exsequi
1480 1575 1602 1601 curam

108 1631 346 1667 colendorum
374 1641 557 1675 agrorum,
587 1642 679 1676 quos
705 1631 843 1666 Roscio
868 1631 1013 1674 1111115).
1053 1629 1144 1663 Nam
1171 1628 1256 1663 licet
1284 1627 1408 1661 doleat
1434 1625 1603 1666 Roscius,

92 1690 206 1735 >quod
236 1690 357 1725 amisit
381 1700 505 1735 agros,
530 1694 653 1725 tamen
681 1694 875 1725 contentus
899 1694 965 1731 est,
993 1689 1024 1724 si
1041 1688 1101 1723 vel
1115 1688 1227 1722 vitam
1244 1686 1395 1728 habeat,
1424 1690 1461 1720 ut
1481 1689 1603 1720 osten-

106 1750 172 1784 dat
199 1749 383 1784 crudelem
410 1760 491 1785 esse
508 1748 801 1795 Chrysogonum,
830 1750 891 1794 qui
917 1760 962 1784 ne
989 1748 1115 1792 inopia
1141 1747 1288 1791 quidem
1307 1746 1429 1780 aliena
1454 1746 1602 1779 conten-

106 1813 165 1844 tus
192 1812 259 1844 est.

200 1868 295 1902 Hoc
330 1878 443 1902 vero
481 1870 567 1910 est,
610 1866 729 1911 quod
768 1865 882 1902 ferri
918 1866 1042 1901 nullo
1076 1865 1210 1901 modo
1244 1862 1423 1909 potest]
1466 1861 1604 1896 Sensus

106 1925 212 1961 huius
240 1926 372 1971 capitis
399 1926 483 1960 talis
509 1929 576 1960 est.
629 1926 761 1967 Causa,
788 1925 915 1970 inquit,
942 1926 1055 1960 totius
1085 1924 1238 1968 periculi
1264 1933 1434 1967 agrorum
1456 1930 1605 1964 posses-

108 1985 162 2020 sio
191 1990 264 2020 est:
292 1995 374 2019 nam
393 1986 429 2029 ⁶)
460 1985 543 2020 ideo
571 1988 766 2019 accusatur
784 1984 953 2028 Roscius,
982 1984 1068 2028 quia
1094 1983 1198 2017 dives
1224 1982 1300 2016 fuit.
1340 1982 1605 2025 Argumentum

107 2043 189 2078 falsi
216 2044 376 2078 criminis
404 2043 563 2078 cultura:
595 2043 633 2077 id
660 2047 715 2077 est
740 2043 929 2077 inventum
955 2046 1208 2087 argumentum
1236 2040 1406 2081 criminis,
1434 2038 1605 2082 quoniam

107 2111 217 2145 agros
244 2102 375 2137 coluit:
403 2101 542 2136 idcirco
568 2101 700 2136 dicitur
726 2101 908 2136 occidisse
935 2106 1085 2145 patrem,
1114 2101 1200 2145 quia
1230 2100 1265 2133 in
1293 2109 1382 2143 agro
1408 2097 1487 2132 fuit.
1530 2095 1605 2130 Sed

105 2164 246 2204 tamen,
282 2161 418 2205 inquit,
458 2160 636 2195 liberatus
672 2164 728 2195 est
758 2160 856 2195 omni
882 2160 1110 2204 suspicione,
1148 2169 1232 2193 nam
1259 2158 1361 2202 ipsos
1388 2166 1498 2201 agros
1523 2154 1605 2189 aliis

107 2220 236 2263 coluit,
266 2220 408 2255 scilicet
435 2220 691 2266 Chrysogono.

205 2328 237 2367 1)
266 2328 366 2366 Vulg.
392 2327 465 2357 hier
489 2328 557 2357 und
583 2332 703 2357 unten:
730 2325 912 2364 agendi,
940 2326 979 2356 E.
999 2336 1029 2365 p.
1051 2328 1092 2356 20
1119 2323 1247 2354 arandi.
1275 2340 1318 2345 —
1357 2322 1390 2361 2)
1421 2322 1494 2351 scd
1519 2320 1606 2350 habe

106 2375 160 2405 ich
185 2385 245 2406 aus
271 2375 339 2406 Cic.
367 2374 554 2413 eingesetzt.
583 2392 624 2396 —
654 2374 688 2414 3)
716 2374 784 2404 Fur
808 2373 1016 2413 antiquarius
1041 2374 1092 2403 las
1119 2373 1222 2402 sehon
1239 2370 1314 2401 Sch.
1340 2370 1427 2400 nach
1444 2368 1499 2399 Gr.
1523 2368 1606 2398 Ver-

107 2427 250 2461 mutung
274 2422 496 2461 agricola,
530 2422 568 2452 E.
596 2432 626 2461 p.
657 2424 698 2452 ‘20
725 2421 847 2458 meint,
881 2431 915 2451 es
941 2422 1032 2451 stehe
1061 2418 1218 2459 ,exempli
1243 2423 1374 2448 tantum
1399 2417 1496 2454 loco‘,
1529 2415 1607 2445 aber

107 2471 197 2500 daun
226 2473 348 2500 miisste
374 2480 453 2500 man
478 2469 675 2508 wenigstens
703 2468 755 2499 ein
780 2469 871 2498 velut
897 2469 976 2498 oder
1001 2468 1084 2498 sicut
1110 2476 1170 2496 vor
1192 2466 1319 2505 antiqu.
1343 2469 1514 2499 erwarten,
1540 2472 1606 2492 was

109 2516 277 2547 viellcicht
302 2518 389 2547 auch
415 2517 449 2547 in
474 2518 548 2546 dem
574 2516 710 2547 zweiten
737 2515 971 2554 iiberfliissigen
998 2520 1074 2545 sunt
1099 2514 1213 2544 stcckt.
1241 2531 1282 2534 -
1321 2515 1353 2548 4>
1381 2511 1503 2541 Diescn
1530 2510 1607 2540 Satz

107 2564 194 2594 habe
220 2564 284 2602 ich,
310 2564 371 2595 wie
397 2564 448 2594 ich
477 2564 609 2602 glaube,
634 2564 781 2594 lesbarcr
807 2564 973 2601 gemacht,
1001 2563 1052 2593 als
1078 2572 1111 2592 es
1135 2561 1187 2591 bci
1212 2561 1250 2590 B.
1278 2561 1336 2589 der
1353 2559 1429 2589 Fall
1455 2558 1511 2587 ist:
1541 2557 1606 2594 ,scd

109 2616 220 2641 tamen
246 2621 300 2641 ars
326 2617 385 2643 est.
434 2611 473 2641 In
499 2621 559 2641 sua
585 2611 725 2650 quisque
751 2616 821 2641 arte
846 2610 964 2640 melior
988 2610 1067 2647 illo,
1099 2608 1157 2648 qui
1181 2612 1230 2638 est
1255 2605 1443 2646 imperitus,
1479 2604 1513 2634 in
1538 2613 1606 2633 me-

108 2657 191 2688 liore
217 2664 341 2698 parte
368 2664 416 2689 cst
440 2658 587 2698 positus&
617 2676 659 2679 —
705 2661 738 2695 5)
768 2658 877 2689 Ucbcr
903 2659 1016 2688 ferre
1034 2668 1077 2685 z
1097 2656 1225 2686 auferre
1250 2655 1317 2684 und
1344 2652 1428 2683 tuli
1453 2652 1502 2681 als
1528 2652 1606 2680 Pcr-

109 2705 178 2735 fekt
205 2716 245 2735 zu
272 2705 355 2735 tollo
380 2705 425 2735 im
452 2705 652 2736 Bibcllatein
677 2715 701 2735 s.
729 2705 933 2735 Thiclmann
961 2705 1050 2742 ,iiber
1075 2704 1138 2733 den
1157 2700 1485 2741 Apolloniusroman‘
1516 2700 1603 2727 1881

108 2763 139 2791 p.
170 2755 222 2783 36.
257 2770 299 2774 —-
353 2753 386 2792 6)
422 2753 522 2791 Vulg.
557 2752 864 2792 ,causa-possessio
897 2757 964 2789 est3
1004 2755 1239 2788 argumentum
1267 2765 1308 2769 —-
1337 2747 1485 2783 cultura3
1528 2754 1607 2774 nam

109 2799 184 2829 ideo
211 2817 254 2821 —-
281 2799 352 2830 fuit.
403 2800 441 2830 Id
469 2805 518 2830 est
541 2799 724 2830 inventum‘
750 2804 809 2830 etc.
870 2799 976 2837 Obigc
1002 2797 1217 2834 Umstcllung
1243 2796 1300 2825 ‹ler
1326 2793 1421 2824 S'atzc
1453 2802 1519 2823 von
1545 2791 1608 2822 mir

110 2847 217 2878 diirfte
242 2847 331 2877 wohl
357 2846 409 2878 die
434 2847 686 2887 urspriingliche
711 2846 792 2877 sein.
