1820 3068
205 117 257 160 7⁴2
579 119 650 153 Pro
678 119 760 154 Sex.
788 119 925 154 Roscio
953 130 983 155 c.
1012 121 1056 166 *23
1088 122 1105 161 ἓ
1135 121 1332 157 123—125.

207 244 256 271 cx
288 229 351 281 iis,
385 243 487 282 quos
521 233 694 279 constat,
727 243 816 271 cum
851 231 1002 272 caedes
1034 231 1147 272 facta
1176 231 1241 284 sit,
1273 231 1479 284 adfuisse,
1512 245 1603 273 eum
1637 245 1703 274 cu-

206 310 304 351 pere
335 310 477 339 verum
505 297 699 348 inveniri3
732 296 801 350 qui
827 300 1002 345 recuset,
1035 309 1126 338 eum
1152 298 1356 351 profecto,
1386 298 1551 340 tametsi
1576 299 1704 340 verbo

206 378 287 404 non
320 364 494 415 audeat,
535 367 673 403 tamen
711 376 754 404 rc
794 363 889 417 ipsa
920 363 970 404 de
1003 364 1209 406 maleficio
1242 377 1316 405 suo
1346 364 1545 406 confiteri.
1607 363 1702 405 Dixi

206 430 334 481 initio,
367 430 537 482 iudices,
568 430 679 470 nolle
710 442 774 470 me
806 430 928 483 plura
952 429 1002 471 de
1023 431 1194 472 istorum
1218 432 1375 473 scelere
1397 431 1548 483 dicere,
1581 444 1704 483 quam

207 510 334 537 eausa
363 496 595 551 postularet
626 509 675 537 ac
704 495 935 537 necessitas
974 497 1069 551 ipsa
1101 502 1282 550 cogeret.
1341 497 1448 538 Nam
1481 502 1520 539 ct
1549 498 1704 538 multae

206 577 271 604 res
304 562 458 603 adferri
490 566 677 616 possunt,
711 566 750 603 et
780 576 862 603 una
894 576 1083 617 quaeque
1114 577 1255 605 earum
1286 563 1426 605 multis
1459 576 1549 605 cum
1582 576 1704 617 argu-

206 630 354 670 mentis
385 629 467 670 dici
498 633 649 683 potest.
710 629 860 670 Verum
893 643 995 683 ego,
1041 631 1150 683 quod
1193 631 1346 672 invitus
1387 644 1435 671 ac
1465 630 1705 672 necessario

206 697 330 747 facio,
361 709 495 748 neque
528 695 597 736 diu
629 708 763 748 neque
798 696 1023 750 diligenter
1051 697 1190 738 facere
1221 710 1405 751 possum.
1447 696 1564 745 Quae
1586 709 1704 751 prae-

205 762 318 803 teriri
354 763 466 802 nullo
498 761 620 802 modo
659 767 872 815 poterant,
905 776 956 804 ea
985 763 1152 815 leviter,
1184 763 1366 813 iudices,
1411 763 1551 816 attigi,
1598 776 1704 816 quae

206 829 344 881 posita
375 833 468 868 sunt
513 829 553 869 in
593 829 926 882 suspicionibus,
973 829 1024 870 de
1055 830 1205 883 quibus
1253 829 1286 871 si
1331 842 1508 883 coepero
1552 829 1704 882 dicere,

205 895 394 949 pluribus
426 896 565 936 verbis
598 896 652 936 sit
682 896 992 945 disserendum,
1026 909 1076 937 ca
1106 897 1256 938 vestris
1286 895 1466 950 ingeniis
1499 895 1704 938 coniectu-

203 975 358 1014 raeque
390 962 614 1004 committo.

140 1067 191 1090 124
315 1063 468 1105 XLIII.
529 1063 658 1104 Venio
690 1077 798 1105 nunc
829 1063 882 1104 ad
914 1064 1015 1105 illud
1047 1077 1197 1105 nomen
1229 1076 1399 1105 aureum
1431 1063 1707 1118 Chrysogoni,

205 1131 281 1172 sub
315 1144 394 1183 quo
427 1129 594 1171 nomine
624 1135 712 1171 tota
741 1130 921 1172 societas
952 1131 1085 1182 latuit3
1136 1130 1186 1172 de
1218 1144 1319 1184 quo,
1359 1130 1538 1181 iudices,
1571 1144 1706 1184 neque

206 1211 287 1250 quo
320 1198 444 1239 modo
477 1197 612 1238 (licam
644 1210 778 1250 neque
809 1211 889 1250 quo
921 1198 1043 1239 modo
1076 1202 1261 1249 taceam,
1308 1197 1490 1251 reperire
1522 1211 1705 1252 possum.

205 1264 247 1305 Si
280 1264 388 1305 enim
419 1268 551 1314 taceo,
583 1264 649 1305 vel
678 1264 911 1304 maximam
931 1270 1091 1318 partem
1114 1264 1322 1317 relinquo3
1355 1264 1419 1305 sin
1437 1269 1575 1305 autem
1599 1264 1706 1316 dico,

205 1344 377 1382 vercor,
425 1344 475 1372 ne
506 1344 587 1371 non
619 1331 687 1372 ille
720 1331 847 1383 solus,
881 1331 921 1371 id
953 1331 1063 1384 quod
1103 1330 1155 1371 ad
1187 1343 1252 1371 me
1284 1329 1390 1371 nihil
1422 1330 1590 1382 attinet,
1631 1330 1706 1372 sed

205 1397 277 1438 alii
308 1410 471 1450 quoque
502 1397 642 1450 plures
673 1398 812 1438 laesos
846 1411 890 1438 se
922 1411 1014 1439 esse
1047 1402 1202 1452 putent.
1262 1397 1447 1439 Tametsi
1478 1397 1536 1438 ita
1563 1411 1607 1439 se
1639 1411 1706 1439 res

206 1464 343 1515 habet,
374 1470 417 1505 ut
447 1464 547 1504 mihi
581 1465 625 1505 in
652 1477 911 1505 communem
937 1477 1107 1506 causam
1128 1470 1334 1506 sectorum
1359 1463 1580 1505 dicendum
1605 1464 1707 1506 nihil

206 1544 462 1584 magnopere
494 1530 702 1581 videatur3
744 1531 849 1572 haec
887 1530 994 1571 enim
1027 1544 1154 1572 causa
1195 1544 1304 1572 nova
1334 1530 1522 1584 profecto
1556 1535 1596 1571 et
1623 1530 1705 1572 sin-

140 1598 365 1651 12⁵gula1·is
415 1601 489 1638 cst.
557 1597 765 1638 Bonorum
810 1598 905 1638 Sex,
952 1597 1092 1639 Roscii
1137 1601 1297 1651 emptor
1356 1601 1419 1638 est
1466 1595 1704 1650 Chrysogo-

206 1678 295 1705 nus.
362 1664 543 1705 Primum
577 1664 656 1705 hoc
688 1664 926 1705 videamus:
959 1663 1048 1705 eius
1082 1663 1260 1705 hominis
1295 1664 1401 1704 bona
1430 1676 1512 1715 qua
1543 1663 1705 1705 ratione

207 1732 422 1772 venierunt
453 1736 523 1772 aut
567 1743 647 1783 quo
686 1731 810 1772 modo
849 1730 991 1772 venire
1035 1730 1286 1784 potuerunt?
1345 1730 1481 1782 Atque
1515 1730 1593 1771 hoc
1623 1743 1705 1771 non

205 1798 263 1838 ita
295 1811 514 1850 quaeram,
555 1797 736 1849 iudices,
783 1802 824 1838 ut
863 1798 905 1839 id
951 1797 1088 1839 dicam
1121 1810 1212 1838 esse
1244 1796 1482 1850 indignum,
1525 1796 1705 1838 hominis

205 1864 437 1905 innocentis
485 1865 594 1905 bona
637 1864 801 1905 venisse
843 1865 899 1917 (si
941 1865 1049 1905 enim
1090 1864 1195 1905 hacc
1234 1863 1454 1904 audientur
1494 1876 1544 1904 ac
1575 1862 1705 1905 libere

207 1930 406 1982 dicentur,
438 1944 519 1971 non
552 1931 629 1972 fuit
659 1935 797 1972 tantus
829 1931 952 1972 homo
978 1931 1074 1972 Sex.
1100 1931 1276 1971 Roscius
1310 1929 1349 1970 in
1369 1929 1549 1981 civitate,
1581 1934 1624 1970 ut
1654 1929 1705 1971 (le

206 2010 254 2038 eo
288 1997 547 2052 potissimum
593 1998 938 2051 conqueramur);
982 2010 1123 2038 verum
1171 2010 1250 2050 ego
1291 1996 1370 2038 hoc
1407 2009 1585 2049 quaero:
1636 1995 1706 2048 qui

303 2171 446 2205 Tastina.
474 2175 540 2206 ret.

300 2230 418 2264 Schol.
451 2230 512 2264 Gr.

206 2298 268 2322 sus
288 2288 371 2322 talis
399 2294 471 2323 est:
509 2289 575 2330 Qui
604 2289 682 2322 vult
708 2298 831 2321 verum
862 2288 1010 2331 quaeri,
1047 2298 1199 2322 necesse
1227 2293 1302 2329 est,
1330 2291 1369 2321 ut
1394 2287 1476 2321 illos
1503 2297 1632 2322 servos
1658 2287 1706 2320 ad

206 2347 460 2389 quaestionem
496 2347 673 2390 postulet,
708 2346 769 2389 qui
803 2346 973 2380 dicuntur
1006 2346 1177 2387 affuisse,
1214 2357 1322 2390 quum
1350 2346 1487 2380 caedes
1521 2344 1621 2380 faeta
1647 2346 1705 2380 sin.

206 2406 273 2446 Qui
301 2411 423 2438 aurem
450 2416 522 2439 non
551 2405 627 2439 vult
654 2415 697 2439 ex
724 2404 780 2439 his
809 2405 951 2448 quaeri,
981 2416 1134 2439 necesse
1163 2411 1229 2443 est,
1257 2410 1295 2439 ut
1320 2405 1400 2449 ipsc
1427 2404 1498 2438 hoc
1524 2405 1681 2449 sciatq.

300 2479 394 2521 Kap.
424 2479 539 2512 XLIII
568 2482 597 2519 ξ.
632 2480 707 2513 124.
759 2479 909 2512 Venio
937 2489 1054 2512 nunc
1082 2477 1137 2511 ad
1165 2478 1281 2512 illud
1307 2489 1469 2512 nomen
1496 2478 1702 2523 aureum]

207 2537 316 2571 Modo
336 2537 498 2571 (licturus
526 2537 571 2571 de
588 2537 754 2580 potentia
771 2537 1003 2581 Chrysogoni
1029 2537 1159 2571 alludit
1180 2537 1308 2572 Cicero
1335 2537 1381 2572 de
1406 2537 1551 2572 nomine
1576 2538 1705 2580 ipsius.

207 2596 375 2630 Solemus
403 2596 495 2630 enim
523 2597 670 2631 nomina
697 2596 743 2630 ad
769 2588 996 2639 voluptatem
1025 2596 1142 2630 servis
1165 2596 1371 2639 imponere,
1399 2602 1437 2630 ut
1453 2595 1707 2640 Smamgdum,

207 2656 487 2700 Chrysogonum
504 2657 530 2698 ¹)
588 2656 647 2689 Sic
675 2661 710 2689 et
738 2654 845 2689 modo
864 2655 1012 2696 Cicero,
1041 2659 1079 2689 ut
1106 2654 1278 2689 ostendat
1305 2665 1384 2688 eum
1408 2665 1551 2689 servum
1578 2654 1704 2690 fuisse.

304 2792 335 2827 1,
367 2789 465 2826 Vulg.
496 2788 649 2823 faciat,
675 2799 754 2819 man
781 2794 931 2819 crwartet
957 2789 1035 2818 aber
1062 2787 1233 2823 feccrit,
1260 2787 1406 2817 weshalb
1426 2787 1479 2817 ich
1505 2788 1557 2818 die
1582 2788 1704 2818 Emen-

207 2835 320 2865 ‹larion
347 2834 395 2866 E?
423 2846 452 2876 p.
484 2838 522 2866 ‘21
553 2836 660 2867 sciat
686 2837 954 2875 aufgcnonuucn.
985 2854 1025 2857 —
1080 2835 1113 2875 1)
1142 2835 1219 2873 Vgl.
1248 2834 1343 2867 hiczu
1368 2834 1454 2865 Einl.
1483 2845 1514 2875 p.
1543 2838 1571 2867 4.
