1820 3068
174 112 227 154 22
611 111 681 146 Pro
709 111 792 145 Sex.
818 109 955 144 Roscio
983 119 1013 143 c.
1042 109 1063 144 2
1094 111 1112 150 ἓ
1139 108 1242 143 5-6.

175 223 303 275 mido,
334 235 440 276 quae
470 225 530 263 tot
560 235 609 263 ac
636 222 742 263 tales
773 221 885 262 viros
916 219 1130 273 impediat,
1162 232 1243 271 quo
1273 218 1409 261 minus
1439 232 1514 274 pro
1535 218 1672 273 capite

177 294 218 332 et
248 289 423 331 fortunis
454 288 643 339 alterius,
688 300 809 340 quem
838 286 892 327 ad
922 286 1089 327 modum
1130 290 1456 337 consueverunt,
1501 298 1672 326 causam

176 357 306 399 velint
350 356 500 397 dicere.
560 353 682 404 Quod
728 353 865 394 adhuc
907 365 981 394 vos
1028 352 1225 404 ignorare
1274 365 1357 394 non
1402 352 1549 394 mirum
1596 356 1671 404 est,

176 427 399 478 propterea
428 421 538 475 quod
568 420 755 462 consulto
786 420 839 460 ab
870 418 1182 460 accusatoribus
1213 418 1300 459 eius
1326 418 1398 471 rei,
1437 431 1544 472 quae
1575 431 1673 460 con·

149 489 293 531 ⁶flavit
322 489 402 530 hoc
432 487 647 536 iudicium,
677 485 829 526 mentio
862 485 975 526 facta
1004 497 1086 525 non
1118 488 1191 525 est.
1252 484 1369 534 Quae
1399 497 1465 526 res
1498 497 1550 526 ea
1580 484 1674 525 est?

178 557 295 597 Bona
325 554 455 609 patris
496 553 665 594 huiusce
695 552 791 594 Sex.
824 551 984 602 Roscii,
1016 563 1123 604 quae
1161 555 1256 591 sunt
1286 551 1533 604 sexagiens,
1566 563 1674 603 quae

178 623 228 664 de
261 622 349 663 viro
381 619 613 661 clarissimo
645 623 683 659 et
714 617 955 669 fortissimo,
986 617 1032 658 L.
1048 617 1178 667 Sulla,
1213 630 1334 670 quem
1357 617 1526 659 honoris
1547 629 1676 658 causa

178 688 358 739 nomino,
392 686 553 727 duobus
584 685 749 725 milibus
780 696 991 724 nummum
1022 696 1114 724 sese
1137 683 1236 724 dicit
1256 684 1405 724 emisse
1427 683 1676 724 adulescens

179 756 245 796 vel
274 752 586 808 potentissimus
618 751 695 791 hoc
726 755 911 803 tempore
945 753 1112 791 nostrae
1145 748 1351 802 civitatis,
1380 749 1427 792 L.
1458 749 1676 791 Cornelius

179 822 492 874 Chrysogonus.
552 818 591 858 Is
623 831 648 858 a
678 816 810 865 vobis,
841 815 1014 868 iudiceS,
1047 816 1125 857 hoc
1154 816 1362 869 postulat,
1393 820 1447 867 ut,
1480 818 1676 869 quoniam

178 889 219 929 in
258 888 437 928 alienam
480 884 698 938 pecuniam
748 887 832 924 tam
878 883 1046 936 plenam
1090 886 1214 935 atque
1262 883 1522 936 praeclaram
1562 883 1677 924 nullo

178 955 265 995 iure
294 952 513 1002 invaserit,
553 950 830 1003 quoniamque
875 949 912 990 ei
955 949 1160 1002 pecuniae
1191 949 1278 991 vita
1307 950 1405 991 Sex.
1435 948 1576 991 Roscii
1606 948 1677 990 ob-

179 1025 291 1063 stare
322 1023 445 1072 atque
492 1016 659 1059 officere
691 1015 903 1068 videatur,
949 1016 1126 1058 deleatis
1166 1029 1217 1057 ex
1262 1016 1400 1058 animo
1439 1028 1515 1057 suo
1544 1014 1677 1070 suspi-

279 1149 422 1184 Teste'm.
449 1149 514 1181 vet.

273 1210 350 1250 §5-
390 1204 610 1240 Arusian.
638 1202 762 1237 Mess
789 1202 1038 1246 V11p.470‚5
1058 1203 1101 1238 K.
1130 1203 1239 1238 emit
1266 1203 1317 1238 de
1343 1213 1407 1238 me
1433 1203 1679 1248 Cic.p.Rosc.

180 1277 288 1312 ‚quae
316 1266 369 1300 de
409 1266 486 1299 viro
515 1262 718 1297 clarissimo
749 1264 785 1296 et
810 1260 1009 1296 fortissimo
1038 1271 1122 1297 sese
1149 1261 1237 1296 dicit
1263 1262 1395 1298 emisse
1421 1263 1459 1297 L.
1487 1262 1679 1298 Cornelius

179 1326 467 1370 Chrysogonus‘‚
495 1322 599 1357 emit
625 1331 646 1354 a
673 1331 734 1355 me
760 1320 857 1355 idem
885 1320 931 1355 de
959 1320 1150 1365 suppliciis
1181 1321 1304 1365 (Verr.
1324 1321 1368 1365 V,
1398 1323 1454 1365 22,
1473 1323 1538 1365 56)
1567 1321 1679 1365 ,quod

180 1395 201 1420 a
230 1385 327 1420 malo
355 1387 506 1418 auctore
533 1380 644 1415 emit‘.

274 1447 293 1486 ξ
316 1445 346 1479 6.
376 1441 549 1477 Charis.
576 1451 610 1484 p.
643 1440 780 1480 115,15
808 1438 879 1472 vel
906 1439 1276 1482 potentissimus
1304 1439 1382 1481 (ubi
1409 1444 1531 1475 autem
1551 1449 1679 1483 super-

179 1503 318 1537 latione
346 1502 495 1542 utimur,
523 1509 596 1534 non
623 1501 749 1543 potest
774 1497 870 1532 adici
899 1505 1017 1542 neque
1046 1499 1165 1543 magis
1192 1508 1312 1543 neque
1338 1499 1467 1541 valde,
1509 1499 1681 1544 quoniam

179 1562 261 1606 ipsa.
287 1560 488 1605 superlatio
517 1558 638 1593 omnia
671 1553 876 1602 signifieat,
916 1567 1136 1602 quamquam
1171 1558 1222 1593 ait
1249 1557 1378 1593 Cicero
1412 1558 1480 1593 vel
1515 1562 1680 1602 poten-

179 1620 419 1660 tissimus,
448 1617 548 1663 quod
575 1622 633 1652 est
658 1616 768 1652 valde
794 1617 1106 1660 potentissimus).

272 1678 415 1714 Probi
442 1677 487 1711 de
515 1676 661 1711 nomine
688 1679 863 1719 excerpta
889 1676 939 1711 lV
964 1686 998 1719 p.
1029 1677 1113 1719 212,
1139 1677 1183 1713 23
1211 1676 1254 1711 Κ.
1289 1675 1386 1710 hunc
1419 1675 1490 1710 sibi
1528 1685 1680 1720 scrupu-

179 1739 262 1782 lum,
293 1738 352 1781 qui
381 1748 421 1772 se
447 1736 526 1771 dies
555 1745 597 1770 ac
632 1738 761 1769 noctes
787 1735 937 1779 pungit,
965 1739 1004 1769 ut
1030 1735 1198 1770 evellatis
1224 1735 1400 1779 postulat.

275 1797 393 1831 Schol.
426 1796 489 1830 Gr.

178 1854 456 1900 praeparandus
484 1856 541 1888 est
554 1852 666 1887 iudex
680 1852 716 1885 in
735 1851 918 1895 principio
937 1851 1167 1897 benignitate
1184 1856 1221 1887 et
1237 1852 1509 1888 benevolentia.
1537 1853 1680 1888 Causae

179 1925 266 1950 vero
293 1914 454 1948 redditio
481 1911 715 1957 particularis
741 1911 904 1945 narratio
931 1915 997 1946 est.

274 1974 396 2015 Quae
422 1973 507 2016 tot]
537 1982 581 2006 ex
608 1980 772 2005 numero.

274 2032 339 2066 Ac
366 2031 491 2066 tales
518 2030 666 2074 viros]
698 2039 743 2063 ex
768 2039 944 2073 persona.

275 2095 292 2132 ξ
321 2092 351 2126 6.
383 2090 506 2131 Quae
532 2099 607 2124 res
634 2098 686 2123 ea
712 2089 815 2133 est‘?]
844 2087 913 2123 Hic
939 2098 1011 2123 non
1040 2088 1200 2123 narratio
1227 2088 1366 2132 incipit,
1394 2087 1459 2123 sed
1487 2090 1543 2122 est
1569 2096 1680 2132 quae-

179 2149 262 2184 dam
290 2149 500 2183 excursatio
521 2152 569 2189 ⁴).

273 2209 311 2242 L.
340 2208 480 2251 Sulla]
511 2206 631 2242 Debet
658 2216 808 2242 servare
836 2206 1072 2251 dignitate1n;
1103 2209 1160 2240 est
1187 2205 1280 2240 enim
1308 2215 1443 2250 magna
1467 2215 1643 2249 persona.

272 2267 654 2310 Potentissimus]
684 2265 772 2300 Ideo
799 2264 858 2299 hic
884 2265 1001 2307 effert,
1028 2270 1068 2299 ut
1092 2264 1235 2307 eludat;
1262 2263 1347 2298 ideo
1381 2264 1517 2299 adiecit
1546 2267 1679 2307 postea

181 2325 381 2360 Cornelius.
416 2325 496 2359 Hoc
514 2325 604 2359 dixit
629 2325 806 2366 irrisione,
835 2324 921 2368 quia
947 2323 1107 2358 libertini
1133 2323 1299 2358 homines
1326 2324 1544 2367 interposito
1564 2322 1677 2358 ferme

180 2388 418 2426 patronorum
444 2384 589 2418 nomine
614 2383 884 2428 gloriantur-⁵).

274 2443 320 2476 In
348 2442 549 2476 alienam
576 2442 837 2486 pecuniam]
868 2440 910 2475 Id
937 2444 1010 2485 est,
1039 2441 1075 2475 in
1103 2441 1262 2475 alienum
1287 2440 1558 2485 patrimonium.
1609 2441 1676 2475 Pe-

181 2500 323 2534 cuniam
351 2500 439 2534 dicit
466 2501 743 2536 universitatem
769 2501 821 2536 rei
846 2500 1048 2535 familiaris.

273 2558 596 2602 Suspicionem
623 2561 811 2604 omnem]
840 2559 954 2602 Vide,
995 2557 1302 2603 quemadmodum
1342 2557 1389 2591 ad
1427 2557 1603 2592 invidiam
1639 2561 1678 2593 et

180 2617 302 2651 odium
331 2617 431 2651 ducit
457 2618 572 2652 verba
597 2618 714 2662 ipsius
743 2622 780 2653 et
805 2618 1093 2662 postulationem
1119 2617 1394 2661 nequissimam.

276 2728 309 2765 4)
336 2727 589 2757 exem-satio
629 2727 669 2757 ist
708 2727 779 2758 cine
816 2734 894 2767 gnte
920 2727 1144 2758 Emendation
1170 2724 1219 2756 E?
1246 2736 1276 2766 p.
1310 2729 1348 2756 19
1388 2728 1438 2756 fiir
1471 2727 1530 2757 das
1569 2728 1674 2756 hand-

180 2774 315 2804 schristl.
343 2775 522 2805 excusatio.
555 2793 595 2796 —
626 2776 658 2811 5]-
685 2775 765 2815 quia
791 2794 832 2798 ——
860 2775 1047 2814 gloriantur
1073 2774 1148 2805 Seh.
1175 2773 1230 2804 Or.
1244 2774 1303 2811 B.;
1331 2773 1370 2805 G.
1387 2774 1459 2805 Gr.:
1485 2784 1552 2813 qua
1576 2773 1673 2804 liber-

180 2821 284 2851 tinum
311 2822 480 2851 hominem
505 2821 700 2861 interposita
727 2823 827 2853 ferme
866 2828 1082 2863 patronorum
1114 2821 1252 2852 nomina
1288 2820 1483 2859 gloriantur.
