1945 3073
92 2380 122 2415 l!

713 96 859 140 Kapitel
885 95 954 130 XII
983 98 1001 136 ξ
1029 96 1083 131 33.
1584 91 1664 134 ‘201

137 212 286 250 occisus
318 218 375 248 est
401 216 438 247 et
461 210 664 260 imperium
695 208 745 245 ad
764 208 979 245 Fimbriam
1010 206 1264 255 translatum3
1296 218 1376 255 per.
1402 206 1474 243 83:
1506 203 1667 241 Flavius

136 277 312 314 Fimbria
342 277 380 313 in
412 276 508 312 Asia
538 275 634 311 fusis
664 274 813 325 proelio
845 274 993 324 aliquot
1023 273 1232 323 praefectis
1262 270 1500 307 Mithridatis
1531 269 1665 306 urbem

135 343 370 392 Pergamum
403 343 504 392 cepit
535 341 817 391 obsessumque
861 353 993 389 regem
1033 352 1109 375 non
1149 338 1312 374 multum
1354 336 1451 372 afuit
1481 337 1575 386 quin
1606 348 1667 372 ca-

135 416 258 460 peret.
317 407 465 445 Urbem
496 407 631 455 Ilium,
664 420 766 457 quae
795 419 836 443 se
866 406 1050 456 potestati
1080 404 1217 454 Syllae
1246 402 1488 450 reservabat,
1520 414 1668 451 expug-

137 476 245 512 navit
280 488 326 511 ac
364 473 511 511 delevit
555 481 592 510 et
634 486 817 522 magnam
863 479 1010 522 partem
1042 471 1162 508 Asiae
1193 470 1342 520 recepit
1375 498 1383 506 .
1419 496 1426 504 .
1461 499 1467 506 .
1502 496 1510 504 .
1541 465 1669 516 Sylla,

138 554 224 578 cum
254 541 293 576 in
324 540 459 576 Asiam
491 539 729 585 traiecisset,
770 551 905 588 pacem
938 551 1023 574 cum
1054 536 1284 573 Mithridate
1322 534 1414 571 fecit
1445 564 1452 572 .
1485 562 1493 572 .
1527 561 1535 569 .
1567 533 1670 569 Fim-

137 606 224 644 bria
254 606 432 643 desertus
462 604 512 641 ab
544 603 740 653 exercitu,
779 604 845 654 qui
876 602 926 639 ad
959 602 1111 653 Syllam
1141 601 1367 649 transierat,
1401 600 1483 649 ipse
1513 612 1554 635 se
1584 611 1669 648 per-

137 674 258 710 cussit
287 671 592 722 impetravitque
625 669 673 707 de
703 683 815 707 servo
855 683 924 706 suo
955 668 1148 719 praebens
1180 667 1391 713 cervicem,
1428 672 1471 702 ut
1501 678 1541 701 se
1572 664 1670 701 occi-

138 739 258 777 deret.
291 761 341 766 —
370 738 454 774 Der
483 735 653 785 Vorfall,
685 735 760 773 den
792 735 875 773 hier
904 735 985 772 Cic.
1018 734 1180 782 erzahlt,
1211 733 1351 784 spielte
1381 733 1432 769 im
1460 730 1502 770 J.
1525 733 1575 768 86
1608 730 1670 767 bei

138 804 225 842 dem
257 803 653 852 Leichenbeg'angnis
686 801 754 838 des
785 801 1018 838 bcriihmten
1051 800 1094 838 C.
1125 800 1295 847 Marius,
1332 797 1413 835 und
1445 797 1540 834 wird
1571 795 1670 833 auch

141 884 217 907 von
249 869 431 907 Valerius
464 869 659 905 Maximus
700 869 734 915 9,
768 870 829 916 11,
862 870 885 905 2
932 876 1043 904 unter
1088 866 1306 904 sichtbarer
1338 864 1580 912 Anlehnung
1623 876 1673 899 an

139 936 276 974 Cicero
310 936 400 986 (wie
429 934 454 984 ξ
486 935 555 983 64)
596 948 637 971 so
669 934 879 971 berichtet:
923 948 1014 983 ‚non
1045 940 1121 971 tam
1165 940 1278 970 atrox
1309 931 1352 969 C.
1385 930 1586 967 Fimbriae
1616 935 1675 966 est

138 1002 284 1040 factum
315 1008 353 1038 et
383 1001 546 1046 dictum,
580 1001 646 1037 sed
679 1001 710 1036 si
742 1015 810 1051 per
841 1000 1083 1046 aestimetur,
1115 1008 1324 1049 utrumque
1355 996 1672 1034 audacissimum.

142 1068 185 1105 Id
217 1074 373 1118 egerat,
411 1073 453 1104 ut
483 1067 677 1104 Scaevola
706 1068 753 1103 in
784 1067 960 1103 funere
991 1065 1033 1102 C.
1073 1066 1187 1102 Marii
1227 1064 1483 1114 iugularetur.
1544 1060 1672 1110 Quem

140 1140 344 1185 postquam
377 1147 425 1171 ex
455 1133 617 1170 vulnere
647 1139 863 1170 recreatum
893 1133 1102 1182 comperit,
1144 1143 1329 1168 accusare
1355 1128 1460 1179 apud
1484 1126 1671 1178 populum

139 1201 318 1238 instituit.
377 1199 647 1248 Interrogatus
679 1198 840 1245 deinde,
885 1198 978 1249 quid
1013 1198 1062 1235 de
1101 1209 1145 1234 eo
1187 1209 1298 1234 secus
1339 1195 1514 1232 dicturus
1555 1199 1673 1239 esset,

141 1267 203 1303 cui
234 1279 303 1317 pro
336 1267 614 1302 sanctitate
652 1279 803 1302 morum
845 1266 973 1302 satis
1016 1263 1168 1314 digna
1198 1261 1422 1298 laudatio
1452 1259 1565 1297 reddi
1596 1271 1673 1295 non

140 1338 286 1383 posset,
315 1331 519 1382 respondit
542 1331 782 1368 obiecturum
806 1345 847 1368 se
872 1331 929 1367 illi
958 1330 1063 1382 quod
1092 1330 1247 1380 parcius
1279 1340 1491 1377 corpore
1521 1324 1674 1362 telum

140 1399 432 1449 recepisset.
492 1421 520 1424 ⁷-
581 1396 629 1446 Q.
662 1397 855 1434 Mucius
887 1396 1156 1445 Scaevola,
1198 1394 1321 1431 durch
1353 1393 1428 1431 den
1460 1392 1675 1430 Beinamen

142 1464 326 1502 Pontifex
366 1465 559 1500 maximus
603 1477 680 1500 von
716 1463 803 1500 dem
843 1463 1160 1512 gleichnamigen
1190 1461 1330 1510 Augur
1360 1457 1674 1504 unterschieden,

142 1544 222 1567 war
252 1532 323 1567 wie
355 1529 431 1567 alle
464 1529 612 1566 Mucier
643 1529 767 1566 durch
807 1530 915 1566 seine
946 1527 1230 1566 Rechtskunde
1263 1525 1568 1576 ausgezeichnet
1596 1523 1674 1560 und

143 1596 273 1646 gleich
302 1595 485 1633 ber'uhmt
517 1595 573 1632 als
593 1595 753 1633 Redner
776 1595 847 1632 wie
872 1594 1192 1644 alsjuristischer
1211 1591 1505 1630 Schriftsteller.
1539 1590 1676 1628 Cicero

142 1676 282 1713 genoss
315 1663 448 1699 seinen
478 1661 705 1699 Unterricht
737 1661 835 1698 nach
868 1660 955 1698 dem
986 1661 1100 1698 Tode
1131 1660 1199 1697 des
1229 1659 1368 1708 Augur
1398 1656 1610 1706 Scaevola,
1648 1669 1676 1694 S.

145 1730 252 1768 Brut.
288 1729 379 1768 306.
425 1728 482 1764 Im
505 1728 545 1766 J.
578 1729 630 1766 82
661 1727 795 1765 wurde
825 1741 866 1764 er
896 1727 966 1763 mit
994 1727 1125 1765 vielen
1156 1725 1305 1763 andern
1336 1724 1579 1773 Anhangern
1611 1722 1679 1759 der

144 1794 491 1832 aristokratischen
522 1793 655 1831 Partei
698 1794 769 1831 auf
795 1792 936 1830 Befehl
977 1793 1044 1830 des
1081 1794 1255 1842 jungeri]
1286 1790 1434 1827 Marius
1472 1787 1679 1835 ermordet,

146 1861 194 1901 cf.
214 1861 306 1900 Nat.
330 1860 436 1898 deor.
459 1860 517 1896 ΙΙΙ
549 1860 574 1910 ξ
598 1861 651 1898 80
680 1873 746 1897 cur
777 1859 1060 1909 temperantiae
1083 1859 1280 1908 specimen
1310 1863 1400 1894 ante
1427 1855 1678 1892 simulacrum

145 1927 290 1965 Vestae
320 1927 498 1976 pontifex
530 1927 721 1963 maximus
753 1932 811 1963 est
841 1925 917 1974 Qu.
949 1924 1141 1962 Scaevola
1170 1918 1422 1961 trucidatus?
1460 1920 1563 1959 Vell.
1591 1919 1677 1956 Pat.

147 1993 198 2042 II,
230 1995 294 2042 26,
327 1994 349 2030 2
389 1993 655 2043 Damasippus
695 1997 852 2042 praetor
882 2021 890 2030 .
923 2021 931 2029 .
964 2019 972 2027 .
1004 1989 1234 2027 Scaevolam
1274 1989 1411 2035 etiam,
1455 1985 1678 2037 pontificem

147 2061 358 2097 maximum
390 2065 428 2097 et
458 2058 581 2095 divini
612 2058 852 2108 humanique
886 2057 980 2093 iuris
1025 2064 1223 2094 auctorem
1255 2054 1552 2092 celeberrimum
1584 2079 1592 2087 .
1628 2079 1636 2087 .
1669 2080 1678 2089 .

147 2126 376 2175 trucidavit3
418 2125 505 2163 Liv.
537 2123 626 2161 Per.
658 2125 708 2161 86
739 2123 784 2162 L.
817 2123 1083 2173 Damasippus
1121 2129 1278 2172 praetor
1315 2134 1363 2158 ex
1400 2118 1603 2156 voluntate
1634 2115 1678 2153 C.

148 2193 247 2229 Mari
279 2192 467 2239 consulis,
506 2204 591 2228 cum
622 2196 799 2227 senatum
838 2189 1119 2237 contraxisset,
1163 2200 1338 2235 omnem,
1382 2198 1484 2235 quae
1513 2184 1552 2220 in
1583 2182 1680 2219 urbe

148 2265 243 2307 erat,
276 2258 519 2295 nobilitatem
551 2256 779 2305 trucidavit3
811 2270 860 2292 ex
891 2256 999 2293 cuius
1030 2267 1191 2292 numero
1214 2253 1290 2303 Qu.
1313 2252 1466 2289 Mucius
1490 2249 1682 2287 Scaevola

147 2324 325 2375 pontifex
351 2325 543 2361 maximus
574 2322 730 2371 fugiens
760 2322 800 2358 in
829 2321 1024 2359 vestibulo
1055 2320 1163 2358 aedis
1183 2320 1328 2356 Vestae
1354 2318 1504 2355 occisus
1535 2322 1605 2353 est.
1627 2337 1681 2342 —-

82 2419 109 2447 s,
147 2390 251 2455 Q
281 2385 547 2442 audacissimus]
581 2390 656 2426 Die
685 2386 977 2426 vorklassische
999 2386 1189 2423 Latinitat
1219 2385 1297 2422 und
1329 2384 1451 2422 selbst
1471 2382 1552 2420 Cic.
1581 2380 1680 2418 noch

148 2458 189 2494 in
220 2457 295 2495 den
318 2456 502 2493 Biichern
534 2455 583 2492 de
614 2456 852 2503 inventione,
882 2453 1102 2504 gebraucht
1131 2465 1204 2489 nur
1233 2450 1389 2487 multo
1420 2463 1488 2486 zur
1510 2448 1681 2497 Steiger-

150 2536 231 2573 ung
260 2523 328 2560 des
359 2521 617 2573 Superlativs.
677 2521 740 2558 An
779 2533 940 2557 unserer
970 2518 1092 2556 Stelle
1132 2518 1199 2554 bat
1230 2516 1309 2554 Cic.
1351 2529 1439 2553 zum
1471 2512 1681 2552 erstenmal

149 2595 316 2640 gewagt‚
347 2589 495 2638 longe
525 2592 618 2624 statt
646 2586 804 2624 multo
835 2600 883 2622 zu
913 2592 1058 2622 setzen.
1100 2585 1175 2621 Die
1206 2583 1422 2631 Neueruug
1452 2579 1584 2617 wurde
1615 2592 1681 2615 an-

150 2668 382 2705 genommen
420 2667 495 2690 von
528 2652 651 2690 Casar
684 2652 765 2689 und
788 2652 945 2699 Livius,
997 2650 1098 2688 doch
1136 2649 1335 2687 behielten
1375 2648 1450 2694 sie,
1496 2646 1568 2681 wie
1600 2644 1681 2682 Cic.

150 2721 273 2759 selbst
303 2733 352 2757 an
384 2720 541 2770 einigen
572 2718 736 2768 Stellen,
768 2719 807 2754 in
840 2716 1104 2765 Verbindung
1134 2716 1204 2751 mit
1232 2715 1470 2751 maximus
1503 2711 1572 2748 das
1604 2710 1682 2746 alte

150 2787 310 2824 multo
340 2786 416 2825 bei.
477 2784 737 2834 Ueberhaupt
766 2783 990 2821 vermochte
1021 2781 1167 2830 longe
1215 2780 1292 2817 den
1336 2779 1441 2816 alten
1471 2776 1682 2814 Ausdruck

151 2853 216 2892 bei
261 2853 338 2890 den
381 2851 548 2902 'librigen
586 2851 761 2888 Antoren
809 2848 916 2886 nicht
955 2861 1002 2885 zu
1042 2846 1291 2897 verdrangen
1338 2846 1398 2896 (so
1438 2845 1507 2881 hat
1537 2842 1685 2880 Sallust

1378 2913 1465 2951 14ὃς
