1820 3068
566 99 638 134 Pro
664 99 747 134 Sex.
772 99 909 135 Roscio
937 111 967 135 c.
996 101 1038 136 16
1067 104 1085 143 ξ
1113 102 1265 137 45—46.
1611 104 1663 145 35]

167 210 380 252 rusticana
430 210 634 264 relegatio
686 214 808 263 atque
861 210 1103 252 amandatio
1152 211 1466 265 appellabitur?
1524 213 1663 266 Vides,

168 277 313 328 Eruci,
352 282 550 330 quantum
590 277 715 318 distet
753 277 1060 329 argumentatio
1099 281 1170 318 tua
1206 278 1258 318 ab
1289 291 1332 318 re
1362 277 1457 331 ipsa
1486 283 1609 332 atque
1640 293 1665 321 a

167 344 353 385 veritate.
414 342 534 392 Quod
566 343 864 384 consuetudine
895 347 1035 396 patres
1066 343 1244 393 faciunt,
1289 344 1331 384 id
1363 345 1481 396 quasi
1512 359 1664 387 novum

168 409 459 464 reprebendis3
491 409 602 462 quod
634 409 914 451 benivolentia
944 410 1001 462 fit,
1032 409 1074 450 id
1105 410 1201 451 odio
1232 410 1389 451 factum
1411 411 1663 463 criminaris3

169 477 279 529 quod
310 476 480 517 honoris
512 489 640 517 causa
670 480 790 530 pater
814 476 899 517 filio
927 489 1001 517 suo
1025 476 1243 527 concessit,
1274 476 1316 516 id
1347 490 1438 518 eum
1471 478 1665 531 supplicii

168 556 297 585 causa
327 543 482 584 fecisse
512 541 628 584 dicis.
676 542 822 595 Neque
852 543 958 583 haec
987 546 1030 584 tu
1062 555 1144 583 non
1176 542 1399 596 intellegis,
1431 543 1504 584 sed
1536 557 1664 597 usque
1680 554 1714 578 45

168 623 242 662 eo,
283 608 395 662 quod
432 621 610 662 arguaS,
655 622 738 650 non
770 608 923 661 habes,
969 613 1014 650 ut
1043 621 1125 650 non
1155 609 1278 650 modo
1309 609 1384 650 tibi
1415 615 1560 651 contra
1589 624 1665 652 nos

168 675 389 718 dicendum
422 679 564 729 putes,
607 688 750 716 verum
781 675 905 717 etiam
940 680 1083 716 contra
1114 688 1250 716 rerum
1282 680 1472 717 naturam
1504 682 1665 718 contra-

169 755 248 795 que
280 741 622 783 consuetudinem
651 742 862 783 hominum
895 746 1121 795 contraque
1152 742 1371 796 opiniones
1403 743 1598 785 omnium.

277 851 389 893 XVI.
436 851 490 891 At
528 851 657 904 enim,
697 864 788 892 cum
830 851 934 892 duos
974 849 1081 892 filios
1113 851 1304 903 haberet,
1343 853 1519 894 alterum
1560 866 1586 894 a
1623 866 1667 894 se

169 932 252 960 non
285 917 539 970 dimittebat,
571 918 746 958 alterum
778 918 859 959 ruri
893 930 985 959 esse
1017 918 1266 971 patiebatur.
1313 918 1500 970 Quaeso,
1530 919 1666 971 Eruci,

168 989 212 1026 ut
253 984 332 1025 hoc
372 984 411 1024 in
452 985 603 1025 bonam
649 989 810 1037 partem
855 984 1066 1037 accipias3
1114 998 1195 1024 non
1235 985 1342 1026 enim
1386 985 1667 1038 exprobrandi

169 1063 318 1102 causa,
362 1050 437 1091 sed
476 1051 765 1092 commonendi
809 1051 946 1104 gratia
985 1051 1134 1092 dicam.
1193 1051 1238 1092 Si
1276 1051 1350 1092 tibi
1390 1052 1555 1093 fortuna
1585 1065 1667 1093 non
1682 1058 1716 1083 46

169 1117 305 1169 dedit,
352 1121 394 1157 ut
432 1121 551 1170 patre
590 1121 702 1158 certo
740 1130 982 1168 nascerere,
1023 1130 1074 1158 ex
1113 1130 1193 1170 quo
1232 1118 1475 1171 intellegere
1507 1131 1668 1172 posseS,

170 1183 239 1237 qui
270 1183 433 1224 animus
464 1183 624 1237 patrius
654 1183 694 1223 in
726 1183 881 1224 liberos
913 1180 1034 1235 esse't,
1074 1188 1117 1224 at
1146 1188 1297 1225 natura
1328 1190 1437 1226 certe
1468 1184 1595 1238 dedit,
1626 1189 1669 1226 ut

168 1250 440 1291 humanitatis
480 1262 561 1290 non
592 1263 737 1303 parum
770 1250 972 1300 haberes;
1017 1262 1066 1290 eo
1097 1251 1276 1292 accessit
1305 1251 1485 1292 studium
1517 1251 1668 1293 doctri-

168 1329 272 1369 nae,
312 1320 437 1357 utne
468 1329 492 1356 a
522 1316 669 1357 litteris
708 1315 874 1369 quidem
911 1316 1072 1357 alienus
1113 1329 1242 1358 esses.
1310 1317 1470 1371 Ecquid
1500 1318 1668 1359 tandem

169 1382 244 1425 tibi
274 1382 455 1432 videtur,
497 1387 540 1423 ut
571 1382 624 1423 ad
654 1382 824 1423 fabulas
854 1382 1095 1433 veniamus,
1136 1395 1265 1424 senex
1302 1383 1373 1425 ille
1405 1384 1669 1426 Caecilianus

169 1449 341 1491 minoris
364 1448 505 1490 facere
523 1449 770 1503 Eutychum,
802 1448 930 1490 filium
957 1448 1168 1501 rusticum,
1199 1463 1323 1503 quam
1343 1450 1457 1491 illum
1480 1451 1667 1503 alterum,

170 1515 540 1558 Chaerestratum‘?
563 1540 609 1545 —
630 1529 739 1568 nam,
771 1520 814 1557 ut
844 1516 1004 1570 opinor,
1037 1515 1115 1557 hoc
1145 1516 1311 1557 nomine
1344 1521 1407 1558 est
1426 1517 1669 1558 —alterum

168 1583 211 1624 in
247 1583 349 1624 urbe
387 1595 528 1624 secum
569 1582 739 1624 honoris
779 1595 906 1624 causa
944 1582 1118 1635 habere,
1164 1582 1339 1624 alterum
1375 1596 1444 1624 rus
1475 1583 1670 1638 supplicii

267 1760 411 1794 Testim.
437 1764 505 1794 ret.

266 1836 285 1875 ἓ
313 1834 358 1869 46
398 1833 568 1868 Schem.
596 1832 712 1867 dian.
739 1843 774 1876 p.
802 1833 858 1873 71,
892 1834 934 1868 13
957 1831 999 1866 Κ.
1051 1831 1268 1867 Iniuriosum
1295 1842 1384 1867 vero
1412 1832 1548 1867 dictum
1575 1833 1673 1877 apud

171 1891 325 1927 eundem
352 1891 584 1927 Ciceronem:
636 1891 815 1934 ,Quaeso,
848 1890 974 1932 Eruci,
1014 1894 1053 1925 ut
1084 1890 1154 1925 hoc
1186 1891 1221 1925 in
1248 1891 1381 1925 bonam
1408 1896 1548 1936 partem
1575 1893 1672 1926 acci-

170 1951 252 1996 pias
279 1971 320 1976 -
349 1952 380 1986 si
406 1951 472 1986 tibi
496 1955 665 1985 natura
697 1961 770 1985 non
797 1949 915 1990 dedit,
953 1954 992 1983 ut
1018 1953 1123 1993 patre
1150 1954 1249 1984 certo
1277 1960 1492 1993 nascerere,
1530 1961 1574 1985 ex
1601 1961 1673 1995 quo

170 2010 386 2054 intellegere
410 2019 556 2054 posses,
584 2009 646 2052 qui
672 2008 815 2043 animus
840 2008 876 2042 in
902 2007 1037 2043 liberos
1064 2011 1185 2043 essetf

268 2111 387 2146 Schol.
419 2111 481 2146 Gr.
521 2111 615 2155 Kap.
642 2111 729 2146 XVI
757 2113 775 2151 ἕ
802 2111 857 2146 46.
908 2110 1086 2144 Etenim
1113 2110 1152 2144 si
1178 2109 1264 2144 tibi
1290 2113 1459 2144 natura
1485 2120 1674 2145 conces-

173 2169 254 2216 sit]
287 2170 492 2206 Constabat
516 2169 614 2203 hunc
634 2168 805 2203 Erucium
830 2169 972 2203 incerto
991 2173 1096 2213 patre
1115 2172 1250 2203 natum.
1285 2167 1353 2202 Hic
1381 2174 1501 2203 autem
1529 2168 1677 2204 dicebat

172 2234 323 2274 propter
357 2229 481 2264 odium
514 2228 690 2263 Roscium
723 2227 797 2262 ruri
832 2227 1048 2272 relegatum.
1099 2226 1208 2261 Modo
1237 2226 1365 2261 Cicero
1392 2227 1534 2262 alludit.
1584 2228 1676 2262 Nam

173 2287 323 2323 dicebat
348 2288 427 2322 ille:
473 2287 538 2323 Vis
573 2297 704 2329 nosse,
741 2287 828 2331 quia
862 2285 958 2321 hunc
992 2286 1078 2321 odio
1106 2290 1212 2329 pater
1237 2285 1388 2320 habuit?
1440 2285 1555 2328 Quum
1582 2285 1676 2321 duos

173 2345 329 2381 haberet
354 2343 469 2389 filios,
506 2357 611 2391 quem
639 2345 806 2388 amabat,
843 2356 966 2380 seeum
993 2344 1173 2386 habebat,
1203 2355 1311 2389 quem
1338 2345 1484 2387 oderat,
1512 2345 1586 2379 ruri
1614 2345 1677 2379 de-

174 2405 292 2440 derat.
343 2405 442 2439 Dicit
468 2405 616 2440 Cicero:
657 2406 865 2449 ,Agnosce,
894 2404 1018 2445 Eruci,
1054 2403 1141 2448 quid
1169 2403 1333 2438 dicturus
1360 2414 1451 2438 sum.
1500 2403 1538 2438 Si
1565 2408 1604 2438 tu
1631 2404 1677 2438 de

173 2464 314 2498 incerto
341 2468 447 2508 patre
475 2468 584 2498 natus
611 2474 668 2507 es,
698 2463 841 2506 nescis,
868 2463 953 2508 quid
981 2463 1029 2497 sit
1054 2473 1156 2498 amor
1182 2463 1218 2496 in
1246 2461 1344 2497 filios
1370 2468 1584 2506 parentum3
1624 2467 1677 2497 ta-

175 2532 257 2557 men
284 2523 341 2557 vel
367 2523 500 2557 litteris
526 2524 620 2558 scire
647 2523 812 2566 potuisti,
843 2532 864 2556 a
887 2522 1023 2567 quibus
1051 2522 1194 2556 alienus
1222 2532 1294 2555 non
1315 2532 1365 2562 es,
1394 2531 1500 2565 quem
1528 2521 1576 2555 ad
1603 2532 1677 2555 mo-

31 2596 140 2623 Wm
175 2581 260 2615 dum
287 2580 443 2625 diligunt
469 2583 617 2625 patres.‘
668 2582 712 2615 Et
738 2581 802 2615 dat
829 2581 1055 2623 exemplum:
1092 2580 1217 2624 ,Apud
1244 2580 1442 2615 Caecilium
1470 2579 1678 2614 comoedio-

0 2620 162 2694 Ἶμμ
175 2640 356 2691 graEhum
390 2640 576 2674 inducitur
609 2644 715 2684 pater
749 2639 915 2683 quidam,
955 2640 1015 2684 qui
1042 2638 1204 2674 habebat
1230 2639 1322 2674 duos
1349 2635 1465 2681 filios;
1507 2642 1542 2672 et
1568 2638 1678 2679 illum,

1 2695 6 2711 ²
61 2708 91 2724 ⁶·
177 2690 285 2743 quem
311 2698 397 2734 odio
424 2698 595 2742 habebat,
623 2709 748 2734 secum
775 2698 959 2741 habebat3
994 2709 1100 2742 quem
1128 2697 1288 2738 amabat,
1316 2697 1388 2731 ruri
1418 2696 1529 2730 dedit.
1580 2697 1678 2741 Ergo

0 2738 76 2770 [Μ
203 2757 210 2764 .
373 2757 380 2764 .
543 2759 549 2765 .
697 2758 703 2765 .
827 2758 834 2764 .
916 2758 922 2764 .
1230 2757 1237 2763 .

0 2767 126 2818 (rb-„i
175 2757 293 2799 vides,
322 2767 407 2810 qul-a
433 2762 569 2794 amav1t
594 2759 778 2801 Roscium,
805 2768 836 2792 sl
864 2757 1010 2802 quidem
1037 2756 1133 2792 hunc
1160 2766 1260 2801 agris
1289 2755 1455 2790 dederat.

849 2822 853 2831 ἶ
931 2819 942 2827 2

315 2853 352 2872 aa
380 2852 471 2891 :1230
492 2837 521 2875 ζ.
547 2833 748 2902 xxssg'ss-„LU
774 2828 828 2880 {vv
854 2834 1028 2887 esum.)
