1820 3068
210 104 265 145 80
593 105 664 140 Pro
691 104 775 140 Sex.
802 105 938 140 Roscio
967 116 995 140 c.
1026 106 1070 141 49
1098 109 1116 147 ξ
1144 107 1340 141 iio—144.

211 215 348 267 fidem,
381 216 433 256 ad
465 215 763 268 iusiurandum,
796 216 850 257 ad
881 215 1036 256 iudicia
1067 219 1226 268 vestra,
1259 216 1312 256 ad
1344 216 1398 266 id,
1432 217 1542 270 quod
1574 218 1706 260 solum

147 286 342 335 ¹4lpropc
373 282 411 322 in
445 282 612 323 civitate
652 283 858 323 sincerum
890 287 1162 334 sanctumque
1205 286 1346 323 restat.
1403 283 1551 325 Hicine
1583 284 1707 325 etiam

211 362 305 389 sese
337 352 454 402 putat
484 347 640 400 aliquid
674 362 797 402 posse
820 347 1151 401 Chrysogonus?
1182 348 1249 389 1110
1280 348 1403 389 etiam
1434 354 1582 403 potens
1616 363 1709 392 esse

210 414 324 456 vult?
357 414 390 455 O
424 427 508 455 rem
540 414 733 454 miseram
764 418 887 467 atque
918 415 1132 456 acerbam!
1164 414 1309 468 Neque
1339 416 1599 458 mehercules
1630 417 1709 458 1100

211 480 380 533 indigne
413 481 513 530 fei-0,
543 480 652 532 quod
685 494 842 534 verear,
875 495 926 522 ne
958 482 1056 534 quid
1088 481 1231 536 possit,
1263 495 1406 523 verum
1438 483 1548 534 quod
1581 496 1707 524 ausus

211 552 285 596 est,
318 547 427 599 quod
458 547 643 599 speravit
672 560 765 588 sese
797 548 907 602 apud
938 549 1044 589 tales
1074 547 1186 589 viros
1211 548 1368 600 aliquid
1392 561 1517 602 posse
1542 549 1595 590 ad
1617 563 1707 604 per-

210 614 358 654 niciem
404 612 658 665 innocentie,
705 613 747 654 id
778 614 913 667 ipsum
957 628 1118 667 queror.
1178 614 1330 655 XLIX.
1390 615 1607 657 Idcirconc
1639 629 1709 657 ex-

209 685 400 734 perrecta
429 678 627 720 nobilitas
659 679 785 720 armis
809 684 933 732 atque
965 681 1074 722 ferro
1096 694 1181 721 rem
1210 681 1420 733 publicam
1445 682 1708 735 reciperavit,

210 752 252 788 ut
283 745 336 786 ad
368 744 582 785 libidinem
623 758 740 786 suain
781 746 915 788 liberti
965 747 1200 800 servulique
1246 747 1444 788 nobilium
1486 748 1708 789 1101111101·-

146 817 415 864 142tunasque
462 815 627 851 nostras
666 825 820 854 vexare
851 813 1055 867 possent?
1114 813 1158 854 Si
1195 813 1236 854 id
1267 818 1403 854 actum
1445 818 1526 866 est,
1576 814 1711 856 fateor

210 893 275 921 me
306 890 482 929 errasse,
513 878 582 930 qui
613 878 693 919 hoc
720 880 950 929 maluerim,
987 880 1120 920 fateor
1151 880 1372 932 insanisse,
1404 881 1473 933 qui
1505 893 1597 922 cum
1627 881 1710 922 illis

210 944 431 995 senserim3
463 945 627 985 tametsi
660 945 842 998 inermis,
874 946 1044 996 iudices,
1078 947 1202 988 sensi.
1265 947 1337 989 Sin
1370 947 1711 1007 autemyvictoria

210 1011 411 1054 nobilium
443 1015 685 1052 ornamento
717 1017 840 1065 atque
872 1014 1150 1054 emolumento
1175 1017 1234 1055 rei
1256 1013 1450 1067 publicae
1472 1011 1709 1067 pepuloque

210 1080 399 1119 Romano
431 1077 555 1118 debet
599 1091 712 1130 esse,
756 1083 841 1120 tum
872 1093 971 1121 vero
1003 1080 1159 1133 optimo
1199 1085 1239 1121 et
1269 1079 1530 1121 nobilissimo
1564 1080 1710 1134 cuique

211 1158 346 1186 ineam
379 1144 609 1185 orationem
640 1145 922 1198 gratissimam
961 1159 1053 1187 esse
1086 1151 1259 1200 oportet.
1321 1146 1479 1196 Quodsi
1511 1146 1603 1200 quis
1635 1151 1710 1198 est,

211 1212 279 1265 qui
311 1215 350 1252 et
379 1224 423 1252 se
455 1215 495 1252 et
520 1224 690 1252 causam
715 1212 825 1254 laedi
848 1216 973 1266 putet,
1007 1226 1097 1254 cum
1119 1212 1418 1266 Chrysogonus
1443 1213 1709 1267 vituperetur,

212 1278 247 1319 is
281 1290 450 1319 causam
481 1277 660 1330 ignorat,
692 1291 736 1319 se
767 1278 901 1332 ipsum
924 1279 1055 1332 probe
1079 1279 1212 1330 novit,
1246 1292 1373 1320 causa
1395 1279 1503 1321 enim
1528 1280 1710 1334 splendi-

213 1344 304 1386 dior
332 1343 420 1393 fiet,
464 1343 499 1385 si
530 1345 786 1397 nequissimo
819 1345 966 1398 cuique
997 1345 1234 1397 resistetur,
1274 1346 1343 1388 ille
1374 1346 1710 1400 improbissimus

213 1411 477 1464 Chrysogoni
510 1411 667 1461 fautor,
700 1412 767 1464 qui
799 1412 878 1453 sibi
909 1425 999 1452 cum
1028 1412 1100 1453 illo
1131 1412 1333 1454 rationem
1365 1413 1711 1454 communicatam

212 1481 341 1532 putat,
371 1476 561 1529 laeditur,
595 1490 685 1518 cum
717 1478 770 1518 ab
802 1478 880 1519 1100
908 1478 1108 1532 splendor
1138 1492 1291 1521 causae
1322 1484 1553 1533 separatur.

147 1554 199 1579 143
324 1544 474 1585 Verum
507 1543 612 1584 haec
642 1545 776 1585 omnis
807 1545 954 1596 oratio,
986 1550 1029 1586 ut
1059 1545 1140 1586 iam
1161 1550 1257 1587 ante
1281 1546 1380 1597 dixi,
1412 1559 1506 1587 mea
1526 1549 1600 1598 est,
1631 1558 1712 1598 qua

213 1624 277 1652 mc
308 1610 364 1651 1111
398 1623 462 1651 res
493 1610 663 1663 publica
707 1615 747 1652 et
793 1611 911 1652 dolor
941 1625 1056 1653 meus
1095 1616 1135 1654 et
1164 1612 1335 1654 istorum
1368 1612 1520 1654 iniuria
1552 1611 1711 1664 coegit,

214 1678 311 1718 Sex.
343 1677 520 1717 Roscius
559 1677 702 1718 horum
735 1677 836 1718 nihil
868 1677 1083 1731 indignum
1115 1683 1255 1732 putat,
1288 1679 1495 1721 neminem
1527 1681 1711 1728 accusat,

212 1743 314 1784 nihil
346 1743 395 1784 de
427 1756 501 1784 suo
532 1743 783 1796 patrimonio
815 1745 1021 1797 queritur,
1069 1750 1187 1799 putat
1218 1746 1341 1787 homo
1380 1745 1596 1799 imperitus
1626 1757 1711 1785 mo-

214 1823 324 1860 rum,
356 1808 545 1862 agricola
577 1815 616 1850 et
646 1811 846 1862 rusticus,
895 1812 976 1852 ista
1006 1812 1163 1863 omnia,
1207 1825 1313 1864 quae
1344 1824 1418 1853 vos
1448 1824 1523 1865 per
1552 1810 1711 1852 Sullam

213 1881 335 1930 gesta
365 1889 457 1918 esse
487 1876 637 1925 dicitis,
669 1890 796 1927 more,
823 1877 932 1931 lege,
963 1877 1050 1919 iure
1082 1878 1266 1932 gentium
1298 1878 1430 1929 faeta,
1464 1877 1588 1930 culpa
1610 1877 1711 1918 libe—

214 1948 328 1984 ratus
368 1946 409 1986 et
451 1943 620 1984 crimine
653 1943 814 1985 nefario
856 1945 1014 1986 solutus
1047 1945 1159 1998 cupit
1189 1958 1214 1985 a
1244 1944 1363 1986 vobis
1394 1943 1630 1996 discedere,
1678 1943 1713 1984 si

149 2018 201 2043 144
216 2010 294 2051 hac
324 2010 498 2063 indigna
544 2010 782 2064 suspicione
828 2015 987 2063 careat,
1034 2011 1172 2051 animo
1204 2023 1338 2063 aequo
1378 2023 1423 2051 se
1454 2023 1596 2051 carere
1627 2009 1712 2051 suis

215 2077 406 2117 omnibus
447 2077 675 2118 commodis
707 2077 827 2129 dicit,
877 2083 1000 2131 rogat
1036 2082 1208 2130 oratque
1247 2082 1300 2126 te,
1333 2075 1630 2130 Chrysogone,
1677 2075 1712 2116 si

215 2144 317 2184 nihil
347 2143 398 2184 de
430 2143 561 2196 patris
593 2143 768 2184 fortunis
798 2144 1067 2198 amplissimis
1098 2144 1138 2184 in
1170 2156 1286 2184 suam
1317 2156 1401 2183 rem
1435 2142 1648 2193 convertit,
1679 2141 1714 2182 si

215 2210 329 2250 nulla
360 2209 397 2249 in
430 2223 472 2250 re
503 2214 541 2250 te
573 2210 800 2262 fraudavit,
849 2210 882 2251 si
913 2211 986 2251 tibi
1019 2210 1175 2264 optima
1219 2209 1299 2249 fide
1342 2222 1419 2250 sua
1449 2207 1589 2250 omnia
1619 2220 1712 2248 con-

216 2275 364 2325 cessit,
394 2275 706 2327 adnumeravit,
754 2276 973 2329 appendit,
1018 2277 1052 2316 si
1094 2275 1305 2327 vestitum,
1348 2288 1427 2328 quo
1461 2275 1551 2328 ipse
1582 2278 1713 2314 tectus

217 2345 327 2393 erat,
359 2342 608 2394 anulumque
640 2342 691 2383 de
723 2341 854 2395 digito
887 2356 1003 2383 suum
1035 2343 1108 2383 tibi
1140 2341 1327 2391 tradidit,
1373 2341 1407 2381 si
1440 2353 1491 2381 ex
1522 2340 1712 2380 omnibus

216 2408 339 2449 rebus
371 2421 414 2448 se
446 2408 581 2460 ipsum
608 2408 760 2449 nudum
793 2422 924 2462 neque
955 2413 1174 2462 praeterea
1205 2408 1431 2461 quidquam
1463 2407 1639 2460 excepit,
1671 2410 1714 2447 ut

313 2580 455 2614 Teste‘m.
481 2584 547 2614 ret.

315 2644 332 2680 ᾗ·
361 2640 440 2673 1431.
492 2636 650 2681 Aquil.
677 2638 796 2673 Rom.
828 2650 861 2683 p.
888 2641 950 2681 ⁴223,
978 2642 998 2675 8
1030 2639 1070 2674 ll.
1107 2639 1290 2673 Invidiose
1331 2643 1367 2674 et
1396 2639 1440 2673 M.
1466 2637 1606 2672 Tullius
1632 2648 1713 2672 eum

220 2706 331 2740 saepe
358 2698 450 2731 alias
477 2702 549 2731 tuni
578 2708 642 2740 pro
667 2697 831 2732 Roscio
861 2699 1043 2732 convertit
1063 2699 1267 2733 orationem
1296 2699 1340 2731 ad
1359 2697 1638 2742 Chrysogonum
1665 2696 1712 2730 ab

216 2756 278 2789 illo
310 2756 410 2790 loco:
443 2758 561 2800 Rogat
588 2761 742 2799 oratque
770 2761 826 2798 te,
857 2757 1110 2802 Chrysogono.
1147 2776 1187 2781 -—
1213 2756 1301 2791 Jul.
1328 2756 1562 2790 Rufinian.
1591 2767 1628 2799 p.
1656 2758 1713 2799 423,

217 2817 238 2851 8
264 2815 306 2848 ΙΙ.
359 2816 428 2850 l’ro
456 2815 624 2851 Roscio
648 2813 741 2862 μετὰ
770 2818 974 2862 εἰρωνείαςι
1002 2816 1127 2861 Rogat
1154 2819 1308 2859 oratque
1337 2819 1386 2859 te,
1413 2814 1666 2860 Chrysogono.
