1945 3073
260 111 342 153 232
815 108 964 154 Kapitel
992 109 1115 145 xv111
1141 112 1159 150 g
1187 110 1244 144 50.

262 225 465 276 publicum
513 223 832 274 desiderabatur,
883 238 904 262 e
947 224 1091 260 villis
1140 222 1545 261 arcessebantur.
1603 221 1672 257 Ex
1704 234 1798 271 quo

262 292 344 343 qui
375 305 455 329 eos
479 290 781 338 evocabant,
812 291 1040 327 viatores
1072 289 1319 326 nominati
1348 288 1488 326 sunt‘.
1520 288 1640 325 Diese
1661 287 1800 325 Worte

261 359 441 395 stimmen
480 371 522 395 so
569 355 788 393 auffallend
826 358 895 393 mit
925 355 1006 395 Cic.
1041 355 1127 393 Cat.
1163 356 1214 391 M.
1248 356 1272 405 ξ
1303 356 1354 393 56
1394 354 1558 392 iiberein
1601 367 1638 401 ,a
1674 352 1800 390 villa

261 425 300 461 in
338 431 515 461 senatum
560 422 919 459 arcessebatur
958 429 996 460 et
1026 421 1167 459 Curius
1207 427 1244 458 et
1284 422 1403 458 ceteri
1441 434 1571 467 senes,
1619 433 1673 457 ex
1705 432 1798 470 quo

262 492 347 542 qui
381 504 463 527 eos
495 488 834 527 arcessebant
863 489 1093 525 viatores
1126 488 1374 525 nominati
1407 486 1544 534 sunt‘,
1587 486 1677 523 (1033
1708 499 1799 523 111011

260 556 480 593 01111011111011
510 569 630 605 1111133,
661 554 882 591 Columella
912 554 1014 591 habe
1037 553 1174 591 Cicero
1196 553 1527 603 ausgeschrieben
1559 553 1652 590 oder
1683 552 1800 589 beide

261 624 348 660 eine
379 623 499 659 altere
532 620 696 671 Quelle,
735 620 937 658 vielleicht
967 619 1078 657 Cato.
1138 620 1230 670 Vgl.
1261 621 1402 657 Festus
1434 634 1471 670 p.
1503 621 1580 657 371
1613 619 1655 655 M
1686 619 1799 669 ,via-

259 695 396 725 tores
428 687 699 738 appellantur,
746 688 813 738 qui
843 686 1140 736 magistratibus
1181 692 1385 736 apparent.
1445 686 1504 722 Eo
1544 685 1637 736 quia
1675 685 1799 731 initio,

259 755 430 791 omnium
461 754 633 791 tribuum
664 766 750 790 cum
781 754 867 803 agri
900 753 938 789 in
961 753 1183 804 propinquo
1212 759 1323 790 erant
1352 752 1460 788 urbis
1493 758 1611 802 atque
1641 750 1799 788 assidue

259 821 436 857 homines
465 820 777 868 rusticabantur,
825 819 999 857 crebrior
1030 831 1151 869 opera
1181 832 1315 856 eorum
1348 824 1432 856 erat
1461 819 1511 855 in
1542 818 1642 864 via,
1682 829 1799 868 quam

257 886 376 937 urbe,
408 885 514 937 quod
546 900 593 923 ex
626 887 731 936 agris
763 886 996 937 plerumque
1026 885 1204 923 homines
1234 884 1478 922 vocabantur
1509 898 1532 921 a
1562 884 1798 933 magistrati-

258 952 358 990 bus‘.
380 976 423 979 -
463 951 512 991 G.
532 952 750 989 Schneider
780 953 820 989 in
853 951 922 990 der
952 952 1132 989 Berliner
1162 951 1350 989 Zeitschr.
1383 951 1410 988 f.
1444 950 1480 990 (l.
1512 949 1798 1000 Gymnasialw.

261 1020 365 1058 1882
396 1033 434 1069 p.
457 1020 537 1056 432
560 1020 598 1056 ff.
631 1019 780 1069 spricht
804 1019 868 1056 die
887 1019 1054 1056 Ansicht
1083 1032 1165 1066 aus,
1197 1017 1287 1055 (lass
1309 1017 1405 1055 Cato
1437 1030 1486 1054 an
1517 1017 1656 1067 obiger
1677 1016 1800 1054 Stelle

257 1085 321 1123 bei
354 1084 492 1123 Cicero
523 1086 689 1123 viator
719 1100 797 1122 von
826 1085 959 1122 villa
989 1085 1147 1133 ableite,
1180 1083 1262 1121 also
1292 1084 1525 1121 viatores
1556 1096 1626 1120 aus
1656 1082 1797 1120 villa-

256 1159 394 1190 tores
440 1152 673 1190 entstanden
720 1153 790 1190 sei.
849 1152 1000 1189 Hierzu
1045 1151 1122 1188 will
1165 1151 1228 1188 ich
1273 1150 1371 1188 noch
1413 1150 1501 1188 eine
1539 1151 1800 1187 interessante

258 1218 380 1256 Stelle
411 1232 480 1256 aus
512 1219 638 1256 Varro
671 1219 718 1256 (10
748 1232 789 1256 re
821 1224 916 1256 rust.
948 1218 978 1266 Ι,
1011 1219 1034 1255 2
1066 1217 1214 1267 geben,
1257 1216 1405 1254 welche
1444 1216 1569 1267 zeigt,
1615 1216 1705 1253 dass
1737 1215 1799 1253 die

257 1285 551 1336 Volkssprache
575 1285 722 1323 sowohl
749 1286 824 1322 via
856 1286 926 1322 wie
957 1284 1085 1321 villa
1116 1298 1193 1322 von
1223 1283 1311 1321 dem
1341 1282 1629 1320 namlichen
1651 1281 1800 1319 Stamm

258 1352 465 1390 ableitete:
496 1352 734 1402 ,Villicus
765 1351 851 1401 agri
882 1351 1037 1388 colendi
1064 1364 1181 1388 causa
1208 1351 1441 1388 constitutus
1472 1355 1592 1400 atque
1622 1348 1799 1399 appella-

257 1425 319 1456 tus
350 1433 372 1456 a
401 1419 551 1466 villa,
584 1418 689 1470 quod
721 1417 770 1455 ab
803 1431 847 1455 00
880 1419 919 1454 111
949 1430 1035 1455 eam
1067 1416 1418 1455 convehuntur
1449 1416 1598 1453 fructus
1622 1422 1660 1453 et
1690 1428 1799 1452 eve-

259 1485 464 1536 huntur,
518 1499 605 1523 cum
648 1492 882 1522 veneunt.
948 1484 985 1520 A
1029 1497 1106 1535 quo
1149 1484 1283 1521 rustici
1333 1484 1449 1520 etiam
1495 1495 1599 1519 nunc
1642 1494 1800 1533 quoque

258 1553 409 1600 viam,
447 1565 586 1590 veam
617 1551 820 1602 appellant
860 1557 1069 1601 propter
1107 1556 1366 1597 vecturas,
1408 1556 1446 1586 et
1475 1548 1680 1598 vellam,
1721 1561 1800 1585 non

261 1618 462 1668 villam,
495 1632 572 1669 quo
602 1618 787 1656 vehunt
817 1623 854 1655 01
883 1617 989 1654 1111(10
1018 1616 1223 1654 vehunt.
1255 1616 1352 1654 Item
1374 1615 1569 1664 dicuntur,
1599 1615 1666 1665 qui
1696 1627 1799 1651 vec-

258 1685 389 1722 turis
422 1686 578 1732 vivunt,
608 1685 892 1721 velaturam
924 1683 972 1720 fa
985 1697 1064 1721 cer
1077 1683 1123 1722 e‘.
1156 1706 1207 1711 —
1238 1683 1276 1722 at
1304 1677 1460 1735 hercule]
1497 1682 1572 1719 Die
1601 1680 1799 1719 Verbind-

258 1765 339 1801 ung
370 1751 499 1789 ‹lieser
528 1750 671 1787 beiden
703 1749 909 1787 Partikeln
951 1749 1018 1787 hat
1049 1749 1187 1787 Cicero
1224 1749 1264 1785 in
1295 1748 1370 1786 den
1401 1747 1539 1786 Reden
1570 1747 1672 1784 noch
1705 1748 1798 1797 imp.

259 1817 397 1869 Pomp.
429 1818 454 1868 ξ
485 1819 536 1855 54
568 1823 616 1854 01
647 1816 857 1854 hercule
887 1816 1039 1867 aliquot
1067 1829 1190 1853 annos
1221 1815 1426 1853 continuos
1457 1814 1627 1865 populus
1658 1813 1799 1850 Roma-

258 1897 330 1921 nus
361 1885 533 1920 maxima
562 1890 673 1934 parte
704 1884 857 1934 imperii
896 1884 1039 1932 caruitg
1082 1882 1307 1920 ausserdem
1338 1880 1501 1919 Tuscul.
1532 1880 1567 1918 V
1611 1879 1636 1929 ξ
1668 1880 1718 1917 12
1750 1879 1800 1918 Α.

259 1951 363 2000 ,Non
395 1950 491 1987 mihi
521 1950 679 1987 videtur
718 1949 768 1986 ad
807 1949 922 1987 beate
964 1949 1177 1986 vivendum
1210 1949 1304 1985 satis
1334 1960 1450 1998 posse
1481 1945 1693 1983 virtutem‘.
1743 1945 1798 1982 M.

259 2017 335 2066 ‚At
372 2016 583 2054 hercule
623 2016 744 2053 Bruto
791 2028 876 2054 meo
921 2015 1108 2053 videtur‘.
1166 2014 1281 2052 Auch
1326 2014 1390 2051 bei
1427 2012 1620 2064 Spateren
1660 2012 1801 2050 treffen

261 2085 328 2121 wir
359 2090 407 2121 at
436 2083 643 2120 hercule
674 2082 838 2133 wieder,
884 2081 1100 2120 besonders
1136 2081 1203 2119 bei
1231 2081 1368 2117 Livius
1410 2078 1524 2132 (aber
1563 2080 1731 2116 immer
1761 2078 1802 2115 in

258 2150 409 2198 Reden,
440 2164 576 2188 ausser
602 2149 671 2187 der
694 2149 804 2187 Rede
830 2162 903 2186 nur
934 2150 970 2197 9,
1003 2150 1065 2196 18,
1100 2150 1162 2200 16,
1195 2161 1223 2186 3.
1257 2147 1320 2184 die
1341 2146 1490 2184 Stellen
1513 2145 1577 2183 bei
1598 2144 1800 2182 Frieders-

261 2217 365 2254 dorff
398 2218 451 2253 im
481 2217 656 2266 Anhang
700 2229 748 2252 zu
778 2215 864 2254 Liv.
898 2216 962 2265 28,
995 2215 1059 2265 32,
1092 2216 1136 2263 8,
1179 2229 1217 2265 p.
1252 2213 1349 2264 124)
1394 2212 1474 2249 und
1523 2211 1585 2249 bei
1622 2211 1799 2259 Tacitus,

260 2283 341 2333 vgl.
374 2282 610 2333 Nipperdey
640 2296 688 2319 zu
716 2282 861 2318 Annal.
894 2282 926 2330 I,
958 2283 995 2330 3,
1024 2284 1049 2318 4
1082 2281 1172 2331 „die
1200 2280 1493 2329 Hinzuf'ugung
1523 2277 1591 2314 des
1619 2276 1800 2314 Scbwurs

261 2348 468 2386 hercule
498 2348 730 2386 bezeichnet
755 2348 879 2397 jeden
910 2348 1088 2398 heftigen
1119 2346 1275 2394 Affekt,
1319 2345 1404 2383 hier
1445 2345 1508 2381 die
1539 2343 1802 2393 Freudigkeit

261 2415 328 2452 (103
363 2414 666 2452 Schriftstellers
694 2414 793 2451 'uber
824 2414 907 2451 (lies
934 2412 1160 2463 E1·eignis“.
1194 2412 1347 2450 Colum.
1375 2411 1391 2447 I
1424 2410 1548 2461 praef.
1580 2424 1618 2461 p.
1652 2410 1715 2459 17,
1748 2410 1801 2447 30

261 2482 350 2532 Bip.
382 2487 431 2518 at
460 2479 748 2518 mehercule
785 2493 878 2517 vera
908 2480 977 2517 illa
1006 2479 1165 2516 Romuli
1192 2478 1323 2529 proles
1354 2484 1425 2516 etc.
1459 2501 1510 2505 —-
1548 2475 1651 2528 longe
1683 2472 1797 2529 aliter]

261 2550 337 2586 Am
366 2547 504 2585 besten
535 2545 853 2596 ausgesprochen
884 2546 951 2582 hat
982 2546 1087 2583 (11030
1119 2545 1285 2582 Α11310111
1326 2543 1395 2581 der
1433 2544 1600 2580 maiores
1632 2543 1730 2579 Cato
1760 2541 1800 2578 in

263 2615 332 2653 der
369 2614 562 2665 praefatio
602 2614 730 2650 seiner
769 2612 917 2650 schrift
957 2612 1006 2650 (10
1046 2626 1129 2662 agr.
1170 2611 1196 2662 ξ
1228 2612 1270 2658 2,
1320 2610 1383 2647 (110
1422 2609 1546 2647 Stelle
1587 2611 1636 2646 ist
1674 2609 1801 2646 citiert

261 2682 286 2732 ξ
317 2682 381 2729 39,
414 2681 492 2730 vgl.
525 2681 550 2729 ς’
579 2680 631 2717 48
666 2678 731 2716 fin.
763 2679 844 2716 und
876 2693 922 2716 zu
953 2678 978 2728 ξ
1011 2679 1073 2717 75.
1105 2701 1156 2704 —
1188 2676 1229 2717 (10
1259 2676 1384 2717 ceteris
1414 2672 1558 2729 talibus]
1592 2676 1664 2713 wie
1695 2689 1728 2714 z.
1752 2674 1799 2710 B.

263 2761 339 2784 von
369 2747 412 2786 L.
445 2746 655 2796 Quinctius
686 2745 958 2794 Cincinnatus,
990 2743 1056 2782 M.'
1088 2743 1230 2781 Curius
1261 2744 1470 2791 Dentatus,
1503 2742 1547 2780 C.
1578 2741 1799 2780 Fabricius

263 2814 397 2852 Ueber
434 2819 608 2851 ersteren
645 2813 726 2863 vgl.
757 2812 844 2849 Liv.
875 2814 912 2861 3,
946 2813 1009 2860 26,
1043 2812 1063 2849 7
1096 2811 1133 2849 ff.
1179 2810 1261 2848 und
1302 2810 1403 2847 dazu
1432 2809 1538 2846 Plin.
1570 2808 1620 2847 H.
1653 2808 1703 2845 N.
1737 2808 1800 2858 18,

263 2882 299 2933 3,
333 2882 385 2918 20
415 2881 541 2918 aranti
563 2886 747 2931 quattuor
777 2893 848 2917 sua
876 2880 1014 2929 iugera
1044 2879 1083 2915 in
1114 2877 1328 2925 Vaticano,
1360 2890 1461 2927 quae
1492 2881 1606 2926 prata
1637 2873 1802 2924 Quintia
