1820 3068
479 127 551 164 Pro
578 129 659 165 Sex.
686 128 823 163 Roscio
851 139 880 163 c.
906 130 1046 165 23—24
1072 132 1090 170 ἓ
1118 129 1268 164 64-66.
1566 128 1619 169 49

125 240 258 282 lucem
297 240 530 294 aspexerit,
568 253 639 281 eos
676 238 966 292 indignissime
1003 240 1094 280 luce
1134 239 1325 292 privarit,
1366 252 1456 280 cum
1495 239 1619 280 etiam

126 306 239 347 feras
269 306 375 347 inter
405 319 497 348 sese
528 311 672 360 partus
703 310 826 358 atque
850 305 1041 346 educatio
1067 309 1106 346 et
1129 310 1278 345 natura
1299 305 1393 358 ipsa
1416 305 1618 346 conciliet.

234 372 392 413 XXIII.
424 372 518 413 Non
549 372 608 412 ita
629 371 768 412 multis
801 376 896 411 ante
928 370 1047 411 annis
1080 371 1194 411 aiunt
1214 371 1260 410 T.
1284 371 1469 412 Caelium
1494 384 1618 423 quen-
1635 384 1669 407 64

125 437 242 490 dam,
280 438 644 489 Tarracinensem,
686 437 893 478 hominem
925 449 1004 477 non
1038 437 1277 488 obscurum,
1320 450 1409 478 cum
1450 442 1620 477 cenatus

124 504 305 544 cubitum
346 504 388 545 in
426 504 535 545 idem
575 504 772 545 conclave
816 516 907 543 cum
947 502 1107 544 duobus
1148 502 1486 543 adulescentibus
1526 502 1620 542 tiliis

123 570 245 621 isset,
288 570 500 611 inventum
548 583 640 611 esse
679 583 799 610 mane
841 568 1085 621 iugulatum.
1162 569 1262 610 Cum
1304 581 1436 621 neque
1476 581 1620 608 servus

123 635 342 688 quisquam
378 636 629 689 reperiretur
666 648 800 687 neque
831 635 958 687 liber,
998 634 1051 675 ad
1082 647 1203 687 quem
1234 647 1285 674 ea
1315 634 1497 688 suspicio
1529 648 1618 688 per-

121 701 283 752 tineret,
314 702 357 742 id
387 702 536 743 aetatis
568 707 703 743 autem
736 702 816 743 duo
846 701 919 741 filii
950 706 1119 754 propter
1140 701 1339 741 cubantes
1362 714 1413 741 ne
1438 701 1620 742 sensisse

122 767 287 819 quidem
319 780 364 808 se
396 768 592 817 dicerent,
623 767 997 818 nosmina'filiorum
1023 767 1073 807 de
1099 766 1323 820 parricidio
1348 766 1489 807 delata
1510 770 1616 807 sunt.

124 832 233 882 Quid
263 838 427 887 poterat
456 838 540 875 tam
572 847 665 875 esse
696 833 974 887 suspiciosum
1005 846 1154 886 quam
1186 837 1374 874 neutrum
1405 833 1621 873 sensisse?

123 912 268 940 ausum
295 905 431 942 autem
456 914 548 942 esse
574 913 824 953 quemquam
850 913 893 941 se
918 900 958 940 in
988 900 1029 940 id
1058 900 1257 941 conclave
1290 899 1545 940 committere
1571 912 1619 940 eo

122 966 384 1020 potissimum
408 972 608 1020 tempore,
641 980 731 1008 cum
763 967 917 1007 ibidem
943 970 1082 1007 essent
1106 966 1186 1007 duo
1210 965 1502 1006 adulescentes
1531 965 1618 1018 filii,

122 1032 191 1086 qui
215 1038 254 1074 et
276 1033 428 1074 sentire
453 1037 493 1074 et
514 1033 739 1074 defendere
765 1032 889 1073 facile
911 1032 1116 1085 possent?
1146 1032 1247 1072 Erat
1270 1044 1392 1085 porro
1417 1044 1554 1083 nemo,
1578 1031 1618 1072 in

122 1112 243 1152 quem
275 1112 325 1140 ea
355 1099 538 1153 suspicio
570 1099 820 1140 conveniret.
879 1099 1059 1150 Tamen,
1092 1111 1182 1139 cum
1214 1099 1382 1152 planum
1412 1097 1619 1139 iudicibus
1635 1111 1668 1135 65

122 1170 233 1207 esset
262 1165 417 1206 factum
448 1170 592 1219 aperto
624 1165 731 1206 ostio
762 1165 1014 1205 dormientes
1046 1177 1117 1205 eos
1147 1170 1334 1217 repertos
1367 1177 1480 1216 esse,
1515 1164 1619 1205 iudi-

122 1231 185 1272 cio
226 1231 406 1272 absoluti
445 1231 733 1272 adulescentes
779 1235 819 1272 et
861 1230 1098 1284 suspicione
1142 1229 1254 1271 omni
1300 1230 1465 1271 liberati
1511 1235 1618 1272 sunt.

120 1297 255 1338 Nemo
287 1297 395 1338 enim
425 1297 600 1351 putabat
630 1310 878 1350 quemquam
904 1309 1016 1349 esse,
1056 1296 1145 1349 qui,
1187 1309 1277 1337 cum
1309 1296 1448 1337 omnia
1478 1296 1620 1337 divina

121 1367 244 1416 atque
275 1363 459 1404 humana
488 1363 579 1404 iura
610 1364 767 1404 scelere
798 1363 959 1405 nefario
990 1362 1229 1417 polluisset,
1260 1375 1448 1403 somnum
1480 1363 1619 1403 statim

122 1442 271 1484 capere
302 1429 517 1483 potuisset,
549 1435 774 1483 propterea
805 1429 928 1482 quod,
967 1429 1036 1481 qui
1066 1433 1224 1470 tantum
1256 1429 1420 1470 facinus
1452 1429 1618 1470 commi—

121 1501 274 1548 serunt,
305 1508 387 1536 non
418 1495 541 1537 modo
572 1496 661 1537 sine
693 1509 791 1537 cura
818 1496 1045 1549 quiescere,
1077 1495 1151 1536 sed
1180 1508 1232 1537 ne
1262 1496 1423 1549 spirare
1453 1495 1619 1548 quidem

121 1562 211 1603 sine
241 1566 351 1603 metu
381 1566 566 1616 possunt.

230 1627 386 1670 XXIV.
434 1627 669 1680 Videtisne,
710 1641 813 1681 quos
850 1627 970 1669 nobis
1008 1632 1158 1681 poetae
1195 1627 1457 1669 tradiderunt
1487 1627 1618 1681 patris
1634 1633 1667 1657 6⁶

219 1741 361 1775 Testim.
388 1744 454 1776 vet.

215 1803 234 1841 ἓ
261 1801 305 1835 64
331 1800 540 1835 Diomed.
567 1811 602 1844 p.
629 1801 709 1841 402,
735 1801 796 1837 10:
826 1799 987 1834 Cenatus
1016 1797 1177 1833 cubitum
1205 1809 1285 1833 cum
1312 1797 1458 1832 duobus
1485 1793 1582 1833 filiis.

214 1858 284 1892 Die
312 1857 536 1893 Geschichte
563 1869 636 1894 von
661 1859 702 1893 T.
724 1858 871 1894 Caelius
898 1857 1038 1892 erza'hlt.
1063 1856 1156 1891 auch
1184 1857 1305 1892 Valer.
1334 1857 1428 1892 Max.
1456 1858 1487 1899 8,
1518 1858 1547 1899 1,
1574 1857 1618 1892 13

121 1915 196 1950 und
221 1926 328 1960 zwar,
355 1917 422 1953 wie
444 1917 540 1953 oben
567 1920 585 1959 ἓ
613 1919 669 1960 33,
694 1917 730 1951 in
758 1927 886 1962 engem
914 1915 1121 1951 Anschluss
1149 1925 1194 1949 an
1221 1915 1361 1956 Cicero,
1391 1926 1420 1950 s.
1446 1915 1480 1949 d.
1508 1915 1618 1949 Koni-

120 1978 272 2009 mentar.

217 2032 336 2067 Schol.
368 2033 431 2068 Gr.
477 2034 571 2078 Kap.
597 2033 722 2068 XXIII
749 2036 767 2074 ξ
795 2034 851 2069 64.
892 2033 987 2068 Non
1014 2033 1079 2066 ita
1105 2032 1266 2067 multis
1293 2032 1441 2077 annis]
1470 2032 1617 2067 Caelius

122 2090 271 2135 quidam
296 2091 572 2128 Terracinensis
606 2092 692 2135 fuit,
728 2091 786 2126 hic
818 2090 948 2126 habuit
979 2090 1241 2125 adulescentes
1274 2086 1382 2126 filios.
1432 2091 1548 2132 Quum
1581 2092 1618 2125 in

121 2159 194 2184 uno
220 2150 388 2185 conclavi
416 2154 551 2193 essent,
577 2159 683 2185 mane
701 2154 807 2194 pater
827 2150 973 2184 occisus
996 2153 1052 2184 est
1070 2151 1111 2193 ¹).
1150 2149 1265 2191 Quum
1294 2153 1465 2193 ageretur
1491 2159 1617 2194 causa,

121 2208 474 2253 argumentabantur
498 2213 738 2244 accusatores
765 2205 932 2250 filiorum,
960 2207 1059 2252 quod
1084 2207 1155 2252 ipsi
1178 2207 1355 2243 fecissent
1371 2208 1617 2252 parricidium.

122 2268 299 2312 ,Poterat,
333 2268 518 2312 inquiunt,
554 2268 685 2312 aliquis
717 2268 811 2302 alius
843 2267 1034 2309 occidere,
1071 2277 1180 2311 quum
1214 2266 1351 2301 ibidem
1386 2271 1511 2302 essent
1545 2267 1617 2302 duo

121 2323 186 2360 filii
211 2326 488 2369 adulescentes,
524 2327 584 2371 qui
618 2331 775 2371 possent
807 2325 1033 2361 defendere‘.
1085 2325 1200 2367 Quum
1233 2335 1352 2369 paene
1387 2326 1618 2360 vincerentur

121 2380 204 2429 filii,
230 2385 503 2430 interrogarunt
530 2385 686 2434 iudices,
714 2396 786 2430 quo
812 2385 922 2420 modo
950 2394 1014 2420 eos
1040 2385 1271 2419 invenissent
1294 2384 1473 2419 iuvenes?
1508 2384 1618 2419 Dixe-

120 2448 219 2477 runt:
254 2443 491 2479 dormientes.
540 2445 643 2479 Tunc
668 2445 998 2488 pronuntiaverant
1031 2443 1171 2478 iudices
1197 2444 1413 2478 innocentes
1439 2443 1617 2486 iuvenes3

121 2512 306 2546 nunquam
334 2503 428 2537 enim
452 2503 528 2537 tale
554 2501 698 2537 facinus
724 2501 862 2537 habere
892 2503 1061 2546 quietem.
1113 2502 1281 2537 Ostendit
1309 2506 1446 2545 autem,
1479 2506 1618 2536 tantum

120 2560 245 2595 valere
272 2561 527 2604 parricidium,
554 2565 594 2596 ut
619 2561 744 2596 statim
770 2561 948 2605 prodatur
974 2560 1211 2596 conscientia.

215 2618 447 2663 KapXXIV
477 2621 556 2661 §66
584 2620 840 2655 Videtisne
869 2621 959 2664 eos]
992 2620 1141 2655 Orestes
1167 2623 1205 2653 et
1230 2617 1447 2653 Alcmaeon.
1476 2620 1616 2653 Bonum

121 2676 158 2711 in
184 2678 382 2720 parricidio
408 2679 493 2721 piae
520 2679 650 2713 mentis
678 2679 893 2722 exemplum.
950 2679 1033 2721 Isti,
1061 2679 1092 2713 si
1121 2677 1345 2712 credendum
1371 2681 1446 2720 est,
1482 2681 1616 2712 matres

122 2745 208 2771 suas
233 2736 334 2771 bona
358 2741 478 2772 mente
503 2741 775 2782 percusserunt.

219 2826 252 2869 1)
278 2828 317 2858 B.
344 2829 414 2859 und
438 2827 477 2859 E.
504 2837 535 2868 p.
564 2830 606 2859 20
633 2829 792 2867 schlagen
817 2837 877 2859 vor
902 2838 943 2859 zu
967 2828 1074 2858 lesen:
1101 2826 1226 2857 occisus
1251 2824 1452 2856 inventus
1477 2829 1535 2856 est.

157 2884 362 2917 Landgraf,
391 2885 450 2910 Cic.
470 2885 551 2910 Rede
572 2885 592 2910 f.
611 2884 679 2910 Sex.
701 2887 788 2911 Rosc.
1314 2882 1341 2924 4
