1820 3068
522 145 593 180 Pro
620 144 702 180 Sex.
728 145 865 181 Roscio
892 157 920 181 c.
951 147 995 182 32
1022 149 1042 188 ἓ
1068 148 1217 184 89-90.
1569 150 1620 192 59

130 246 282 287 1)οι111111
333 245 443 287 fecit.
502 245 654 287 Multos
699 258 845 287 caesos
889 259 971 287 non
1017 247 1070 288 ad
1100 248 1432 290 Trasumennum
1472 248 1622 300 lacum,

130 311 205 353 sed
234 312 288 352 ad
317 310 538 353 Servilium
569 311 748 353 vidimus

229 377 353 427 Quis
384 378 458 419 ibi
489 391 593 420 non
624 382 703 420 est
731 378 1048 420 vulneratus
1080 379 1221 420 ferro
1251 378 1520 434 Phrygio?
1637 382 1671 406 ⁹⁰

227 540 371 575 Testim.
396 544 463 576 vet.

131 597 362 633 Cannensis.‘
388 618 432 624 —
482 599 611 634 Aurel.
638 599 839 644 Augustin.
867 599 911 634 de
937 599 1028 634 rhet.
1055 609 1088 643 p.
1117 600 1197 642 149,
1229 601 1273 635 24
1298 599 1360 634 H.:
1388 609 1495 644 ,quae
1525 600 1625 644 (eius

129 657 227 692 modi
254 657 424 703 exordia)
454 658 637 693 dicentem
673 657 844 702 profecto
869 658 915 692 M.
942 658 1112 693 Erucium
1148 662 1212 693 aut
1249 658 1409 703 aliquem
1436 669 1481 693 ex
1508 659 1624 694 Can-

128 717 261 752 nensi
287 720 480 752 caterva
504 728 610 753 nemo
636 716 783 753 ferret“.

225 775 345 811 801101.
376 776 438 811 Gr.

130 834 391 878 intelligebant
416 834 576 876 iudices,
612 834 700 879 quid
726 837 825 869 esset
848 843 976 878 pugna
1002 833 1224 876 Cannensis3
1265 832 1331 868 sed
1358 833 1569 868 emendavit
1586 835 1621 878 ¹)

130 896 169 926 et
193 902 371 936 praesens
397 894 603 938 exemplum
628 893 790 937 protulit.
843 893 986 935 Multos,
1012 893 1146 936 inquit,
1174 902 1307 927 caesos
1333 892 1490 927 vidimus
1516 902 1624 926 accu-

131 955 274 986 satores
311 952 409 996 [non
443 952 562 996 apud
599 952 934 994 Trasimenum,
968 951 1062 997 sed]
1102 950 1201 994 apud
1227 951 1417 986 Servilium
1450 951 1569 985 lacum
1586 952 1621 994 2)

130 1020 272 1045 caesos.
323 1011 416 1053 Quia
451 1011 595 1046 dixerat
629 1022 652 1055 p
664 1021 749 1055 ugn
760 1021 782 1045 a
807 1010 1029 1054 Cannensis,
1069 1010 1158 1045 dicit
1194 1021 1213 1044 c
1225 1020 1275 1045 ae
1286 1021 1303 1046 s
1316 1020 1337 1045 0
1349 1021 1366 1046 s
1377 1034 1387 1052 ,
1432 1009 1531 1055 quod
1571 1014 1628 1046 est

130 1078 291 1114 pugnae.

224 1128 570 1173 Trasumenum]
605 1127 770 1162 Fluvium
798 1127 906 1172 dicit,
945 1128 1006 1163 ubi
1032 1127 1218 1163 Hannibal
1244 1128 1448 1163 Romanum
1473 1128 1628 1172 peremit

130 1186 338 1221 exercitum.

225 1245 477 1280 Servilium
502 1244 720 1289 vidimus]
748 1244 819 1280 Ubi
845 1244 947 1280 Sulla
972 1245 1139 1281 inimicos
1165 1256 1254 1281 suos
1281 1245 1429 1280 occidit.

227 1307 246 1345 ἓ
274 1305 329 1340 90.
381 1305 526 1338 Ferro
558 1304 747 1349 Frugio]
788 1305 829 1338 ln
854 1305 970 1339 Ennio
1010 1304 1102 1339 haec
1137 1304 1265 1339 fabula
1290 1305 1475 1339 inducitur
1502 1303 1626 1338 Achil-

131 1362 174 1397 lis
191 1363 242 1406 ³),
269 1373 341 1407 quo
367 1367 533 1407 tempore
558 1368 709 1408 propter
735 1363 940 1398 Briseidam
951 1364 1001 1406 3ὓ)
1029 1374 1109 1398 cum
1125 1364 1276 1399 Graecis
1301 1373 1465 1408 pugnare
1490 1363 1625 1397 noluit:

134 1431 206 1466 quo
239 1421 348 1456 etiam
382 1425 547 1467 tempore
580 1422 718 1457 Hector
751 1422 910 1457 classem
950 1432 1074 1457 eorum
1107 1422 1281 1458 incendit.
1330 1424 1371 1457 In
1406 1422 1476 1456 hac
1502 1431 1627 1466 pugna

135 1481 259 1516 Ulixes
286 1481 498 1516 vulneratus
524 1481 710 1516 inducitur
736 1485 771 1516 et
796 1481 941 1525 fugiens
968 1481 1014 1515 ad
1042 1480 1223 1516 Achillem
1238 1484 1267 1524 4)
1294 1482 1406 1517 venit.
1456 1481 1543 1516 Cum
1572 1481 1626 1514 in-

130 1543 383 1585 terrogaretur
407 1540 454 1575 ab
480 1540 598 1576 Aiace
614 1541 670 1585 5),
710 1550 773 1574 cur
798 1539 976 1585 fugisset,
1010 1541 1072 1574 ille
1099 1543 1139 1574 ut
1164 1540 1302 1575 celaret
1328 1540 1491 1575 dedecus
1520 1540 1626 1575 vitio-

132 1609 212 1633 sum
228 1598 285 1643 6);
328 1599 416 1641 Quis
453 1599 547 1634 enim
579 1599 792 1634 vulneratus
825 1598 924 1634 ferro
962 1599 1123 1643 Frugio?
1180 1600 1226 1634 Et
1268 1610 1340 1644 quo
1382 1599 1501 1634 tendit
1535 1598 1628 1633 haec

132 1656 283 1692 fabula?
334 1657 476 1693 Scimus
507 1657 644 1693 Sullam
677 1658 714 1692 in
754 1657 914 1701 pueritia
938 1659 1184 1702 turpissimum
1211 1658 1344 1694 fuisse:
1383 1658 1480 1693 unde
1509 1657 1626 1692 Sallu-

232 1809 265 1850 1)
294 1810 371 1841 Sch.
401 1821 433 1841 11.
459 1810 520 1841 Ε1).
547 1821 578 1850 p.
608 1813 649 1841 12
676 1816 847 1841 vermuten
873 1811 1046 1849 enodavit,
1073 1810 1128 1842 Or.
1157 1810 1352 1841 enucleavit.
1393 1827 1436 1831 —
1502 1809 1536 1849 2)
1564 1808 1627 1840 Dic

136 1857 455 1895 eingeklammerten
480 1858 596 1888 WVorte
636 1859 747 1888 fehlen
782 1858 834 1888 bei
860 1858 899 1890 G.
937 1860 1006 1889 und
1038 1858 1110 1889 sind
1144 1868 1211 1888 von
1245 1858 1320 1889 Sch.
1355 1856 1543 1894 eingesetzt.
1584 1874 1625 1878 ——

137 1905 171 1943 3)
198 1905 237 1935 E.
264 1915 295 1945 p.
325 1908 385 1935 21:
419 1904 602 1935 inducitur:
631 1905 789 1935 Achilles.
835 1923 878 1927 -—
954 1906 1009 1942 ab)
1036 1905 1240 1935 Briseida
1274 1903 1460 1944 spatlatein.
1488 1903 1627 1935 Nebenf.

135 1951 258 1992 Hygin.
286 1952 351 1982 fab.
381 1954 458 1988 106,
485 1953 565 1982 Dar.
592 1953 715 1992 Phryg.
745 1955 798 1982 13.
829 1970 869 1974 —
940 1956 973 1987 4)
1003 1952 1058 1983 Or.
1084 1954 1128 1982 ad
1154 1952 1344 1989 Aiacem,
1370 1951 1430 1981 Eb.
1458 1952 1507 1981 ad
1533 1951 1627 1980 val-

134 2000 229 2030 lum.
271 2016 313 2020 -
389 2000 423 2038 5)
450 1999 492 2029 ab
518 1999 697 2029 Achille
733 1999 845 2037 Bergk
883 1999 928 2029 im
963 1999 1343 2038 Sommerlektionsplan
1378 2008 1444 2027 von
1469 1998 1629 2035 Marburg

138 2048 231 2076 1844
257 2056 288 2085 p.
312 2045 399 2083 X113
425 2047 465 2076 cf.
492 2045 639 2076 Ribbeck
664 2045 808 2084 tragici¹
839 2056 869 2086 p.
889 2049 965 2079 273.
986 2050 1067 2077 274:
1094 2046 1217 2085 itaque
1242 2047 1331 2085 apud
1357 2045 1502 2075 Achillis
1526 2054 1629 2074 naves

136 2102 253 2123 scenae
288 2092 366 2123 illae
399 2092 600 2130 agebantur,
635 2094 772 2132 quando
809 2093 944 2132 quidem
977 2099 1099 2123 temere
1125 2093 1270 2124 Orellius
1302 2092 1501 2122 scholiastae
1528 2091 1628 2121 verba

136 2140 188 2170 ad
215 2139 433 2170 Achillem
466 2140 610 2170 mutavit
645 2141 693 2170 ad
720 2140 916 2178 Aiacem,
959 2151 1019 2171 nec
1045 2140 1250 2180 probabilius
1282 2149 1342 2179 pro
1370 2139 1498 2170 Ulixe
1524 2139 1628 2175 Berg-

136 2187 211 2217 kius
235 2186 448 2227 Eurypyli
474 2197 595 2217 nomen
621 2187 886 2217 substituendum
918 2188 1108 2228 proposuit,
1140 2187 1232 2217 cuius
1264 2185 1451 2216 constantia
1484 2185 1629 2216 admira-

136 2234 222 2272 bilis,
249 2235 419 2274 quomodo
444 2235 580 2264 tandem
606 2235 747 2264 dedecus
772 2240 880 2274 potest
905 2235 1091 2274 appellari?
1125 2234 1193 2264 Nec
1217 2234 1250 2264 id
1276 2238 1362 2263 recte
1388 2232 1502 2263 fecisse
1527 2233 1629 2269 Berg-

137 2281 241 2319 kium,
268 2282 357 2320 quod
372 2281 551 2319 legendum
568 2281 694 2312 censuit
719 2281 768 2311 ab
788 2281 965 2312 Achille
990 2292 1050 2321 pro
1065 2281 1263 2311 scholiastae
1279 2280 1386 2311 verbis
1411 2280 1459 2310 ab
1486 2279 1629 2316 Aiace,

137 2328 298 2368 suspicari
322 2328 427 2368 possis
454 2334 588 2368 propter
611 2338 667 2359 eos
692 2338 816 2365 versus,
842 2329 962 2368 quibus
987 2329 1103 2359 inritas
1118 2329 1317 2367 legatorum,
1344 2337 1428 2367 quos
1453 2327 1497 2357 ad
1511 2326 1628 2356 Achil-

136 2376 204 2406 lem
229 2375 442 2413 Agamemno
467 2375 612 2413 miserat,
638 2385 749 2415 preces
775 2375 954 2414 significari
978 2376 1147 2416 perspexit
1171 2376 1348 2405 XVelkerus
1373 2385 1403 2414 p.
1433 2375 1521 2404 993‘.
1547 2374 1629 2403 Der-

138 2422 226 2453 selbe
252 2422 286 2452 in
311 2423 369 2452 der
394 2422 437 2452 II.
464 2423 570 2461 Ausg.
598 2424 656 2453 der
680 2428 764 2460 trag.
797 2433 827 2462 p.
860 2425 919 2453 60:
955 2424 1111 2454 ,referunt
1141 2424 1184 2453 ad
1211 2421 1437 2452 Achillem
1463 2420 1629 2450 fabulam:

138 2469 220 2500 mihi
244 2469 394 2499 monenti
418 2468 519 2499 etiam
545 2470 580 2500 in
605 2469 808 2500 Herculis
832 2470 965 2500 lntris
1000 2471 1103 2507 (wohl
1130 2469 1281 2500 Schreib-
1307 2469 1387 2498 oder
1411 2467 1631 2497 Druckfehler

139 2517 190 2546 fiir
216 2517 347 2546 Hecto
359 2516 417 2546 ris
441 2516 482 2556 l.)
507 2517 591 2547 haec
610 2517 721 2547 locum
736 2517 858 2547 habere
872 2517 1018 2556 potuisse
1035 2517 1182 2547 adsensit
1194 2516 1390 2547 Vahlenus·.
1406 2533 1447 2536 —
1477 2514 1512 2554 6)
1529 2514 1628 2551 Vulg.

138 2563 306 2601 vitium,
334 2563 409 2593 Sch.
437 2569 600 2594 vermutet
624 2563 797 2601 virium,
827 2564 881 2595 Or.
909 2574 1046 2601 suum,
1070 2566 1109 2595 B.
1137 2564 1209 2594 h'alt
1233 2563 1351 2593 vitium
1378 2563 1428 2591 fiir
1453 2561 1505 2591 ein
1532 2561 1630 2592 Glos-

139 2619 227 2647 sem,
260 2610 299 2640 E.
325 2620 356 2649 p.
386 2613 425 2640 21
464 2611 594 2649 schl'agt
626 2620 686 2641 vor
717 2610 875 2641 subicit
902 2623 945 2639 z
975 2608 1244 2653 ὑπολαμβάνει.
1285 2609 1394 2639 Meine
1426 2609 1631 2644 Aenderung

139 2657 182 2687 ist
204 2657 297 2687 wohl
321 2657 373 2687 die
400 2656 601 2696 einfachste3
640 2657 692 2687 die
718 2657 938 2696 Verbindung
963 2658 1051 2688 eines
1078 2657 1288 2689 Substantivs
1313 2656 1373 2685 mit
1400 2654 1507 2684 einem
1533 2664 1629 2694 syno-

140 2713 262 2744 nymen
289 2703 449 2743 Adjektiv
473 2704 515 2734 ist
540 2704 586 2734 im
611 2707 763 2744 spateren
788 2704 921 2742 Latein‚
948 2706 1013 2736 bes.
1041 2705 1087 2735 im
1113 2703 1377 2738 afrikanischen,
1404 2702 1479 2731 sehr
1506 2700 1630 2738 hiiufig.

140 2760 168 2780 z.
195 2751 235 2781 B.
262 2750 386 2788 exigua
410 2751 572 2789 brevitas,
611 2761 812 2782 aerumnosa
836 2751 987 2790 miseria,
1013 2752 1080 2790 vgl.
1107 2751 1214 2781 meine
1240 2749 1388 2786 Abhdlg.
1415 2749 1454 2778 de
1479 2747 1533 2786 fig.
1562 2753 1631 2787 ety-

140 2797 267 2835 molog.
306 2797 351 2828 im
387 2797 431 2828 11.
458 2799 518 2829 Bd.
553 2799 610 2831 der
647 2804 723 2830 acta
756 2799 892 2836 Erlang.
930 2810 962 2839 p.
999 2801 1039 2829 46
1068 2799 1121 2835 ffi,
1168 2796 1323 2828 wulfflin
1361 2794 1496 2826 Cassius
1533 2794 1631 2827 Felix

140 2854 171 2885 p.
200 2846 278 2876 429.
