1820 3068
500 149 570 184 Pro
599 150 681 185 Sex.
708 148 845 185 Roscio
871 160 901 184 c,
928 151 948 185 9
977 151 995 190 ἓ
1019 151 1170 186 22—25.
1531 151 1582 192 3l

90 260 136 302 L.
168 260 287 302 Sulla
333 260 445 301 facta
493 273 584 301 esse
625 264 736 302 certo
784 260 883 302 scio.
941 259 1088 312 Neque
1128 260 1235 301 enim
1281 259 1450 310 mirum,
1494 266 1633 300 cum22

91 327 237 369 eodem
257 331 444 381 tempore
466 329 505 367 et
524 339 587 378 ea,
620 339 725 379 quae
746 326 972 381 praeterit-a
993 331 1100 376 sunt,
1132 330 1283 367 sanet
1314 330 1353 366 et
1384 338 1445 377 ea,
1478 338 1585 378 quae

89 392 281 435 videntur
309 393 478 444 instare,
511 397 747 446 praeparet,
774 405 864 433 cum
897 397 937 433 et
966 393 1083 445 pacis
1115 391 1429 433 constituendae
1460 392 1585 433 ratio-

67 452 182 501 ι110111
212 463 252 501 et
283 459 380 500 belli
411 458 583 511 gerendi
615 463 863 512 potestatem
897 459 1010 499 solus
1041 458 1216 510 habeat,
1249 471 1339 499 cum
1371 470 1513 499 omnes
1544 458 1584 498 in

89 539 214 568 unum
245 529 452 579 spectent,
500 537 605 565 unus
636 525 776 565 omnia
807 525 1030 578 gubernet,
1063 538 1154 566 cum
1185 528 1245 565 tot
1274 524 1484 577 tantisque
1515 537 1584 565 ne-

90 592 216 645 gotiis
248 591 451 632 distentus
483 591 556 640 sit,
587 596 630 631 ut
661 591 871 644 respirare
903 591 1033 632 libere
1064 604 1146 632 11011
1178 591 1330 644 possit,
1363 591 1396 631 si
1429 590 1585 643 aliquid

90 670 171 698 non
203 657 529 709 animadvertat,
581 670 671 697 cum
716 657 964 710 praesertim
1008 662 1091 698 tam
1124 657 1237 698 multi
1271 658 1586 710 occupationem

91 724 179 765 eius
217 724 439 764 observent
482 728 725 777 tempusque
772 728 1047 776 aucupentur,
1092 729 1135 764 ut
1179 724 1301 764 simul
1351 728 1472 775 atque
1518 723 1588 764 ille

91 790 347 844 despexerit,
395 790 552 843 aliquid
598 790 768 831 huiusce
812 790 924 831 modi
969 791 1203 831 moliantur.
1280 789 1372 831 Huc
1414 789 1587 839 accedit,

93 857 224 909 quod,
257 856 446 909 quamvis
477 856 678 897 illefelix
710 857 774 907 sit,
821 857 926 897 sicut
957 861 1039 909 est,
1072 862 1211 897 tamen
1241 860 1358 896 tanta
1389 855 1588 896 felicitate

91 936 213 963 nemo
243 927 380 976 potest
412 936 518 975 esse,
549 923 590 963 in
622 936 778 976 magna
808 923 969 963 familia
1001 924 1070 976 qui
1101 923 1308 964 neminem
1339 935 1472 974 neque
1503 935 1586 963 ser—

92 1002 185 1030 vum
218 1003 350 1042 neque
382 990 573 1030 libertum
606 989 839 1042 improbum
880 990 1044 1031 habeat.
1103 990 1269 1030 Interea
1299 988 1376 1029 iste
1407 988 1453 1028 T.
1484 988 1636 1028 Ros-2³

92 1055 203 1107 cius,
235 1056 297 1096 vir
329 1056 528 1108 optimus,
561 1060 804 1108 procurator
835 1055 1113 1109 Chrysogoni,
1146 1055 1355 1096 Ameriam
1387 1055 1518 1104 venit,
1546 1055 1588 1094 in

92 1122 266 1176 praedia
286 1121 406 1162 huius
424 1120 595 1173 invadit,
629 1121 736 1162 1111110
768 1122 974 1174 miserum,
1004 1122 1114 1163 luctu
1140 1122 1358 1176 perditum,
1389 1121 1456 1174 qui
1488 1134 1588 1162 non-

91 1188 187 1229 dum
220 1188 344 1228 etiam
376 1188 515 1228 omnia
545 1193 721 1241 paterno
753 1188 885 1228 funeri
916 1188 1026 1229 iusta
1056 1189 1267 1240 solvisset,
1310 1187 1463 1228 nudum
1495 1187 1591 1228 eicit

93 1253 215 1295 domo
247 1259 371 1306 atque
391 1253 494 1294 focis
520 1253 666 1307 patriis
685 1254 831 1307 disque
857 1255 1077 1308 penatibus
1099 1253 1387 1308 praecipitem,
1417 1253 1588 1306 iudices,

93 1320 297 1372 exturbat,
329 1320 419 1374 ipse
450 1320 736 1373 amplissimae
768 1321 971 1374 pecuniae
1003 1320 1047 1361 fit
1077 1321 1280 1362 dominus.
1333 1320 1411 1369 Qui
1441 1321 1481 1360 in
1515 1333 1591 1360 sua

93 1400 138 1428 re
168 1386 316 1427 fuisset
347 1386 655 1440 egentissimus,
688 1393 789 1437 erat,
822 1392 865 1428 ut
894 1387 950 1436 fit,
981 1387 1168 1428 insolens
1198 1387 1239 1427 in
1270 1387 1429 1438 aliena3
1461 1387 1590 1427 multa

92 1453 234 1507 palam
278 1452 445 1493 domum
485 1467 602 1495 suam
634 1454 871 1506 auferebat,
911 1455 1033 1508 plura
1064 1454 1170 1495 clam
1210 1453 1260 1494 de
1292 1453 1428 1494 medio
1458 1466 1589 1494 remo-

92 1520 239 1572 vebat,
284 1532 364 1560 non
396 1533 532 1573 pauca
570 1521 655 1561 suis
701 1521 963 1561 adiutoribus
1001 1521 1119 1573 large
1151 1520 1363 1573 effuseque
1393 1519 1591 1571 donabat,

94 1586 256 1639 reliqua
281 1587 505 1628 constituta
535 1587 728 1629 auctione
758 1587 980 1629 vendebat.

204 1652 277 1694 IX.
338 1652 460 1702 Quod
497 1654 705 1695 Amerinis
748 1667 877 1707 usque
920 1666 968 1695 eo
1000 1653 1134 1694 visum
1166 1658 1228 1694 est
1266 1653 1504 1706 indignum,
1549 1655 1639 1694 ut24

93 1719 194 1761 urbe
224 1724 312 1760 tota
341 1718 461 1761 fletus
492 1720 754 1774 gemitusque
794 1720 923 1761 fieret.
982 1720 1144 1761 Etenim
1185 1720 1316 1760 multa
1344 1720 1464 1761 simul
1497 1723 1592 1760 ante

95 1787 237 1828 oculos
281 1787 576 1838 versabantur,
622 1800 733 1833 mors
782 1787 961 1828 hominis
1005 1786 1288 1828 florentissimi
1322 1787 1418 1828 Sex.
1449 1785 1590 1827 Roscii

94 1853 396 1903 crudelissima,
429 1852 502 1894 filii
521 1858 660 1894 autem
683 1854 771 1895 eius
789 1858 958 1907 egestas
982 1853 1289 1906 indignissima,
1322 1852 1386 1894 cui
1407 1852 1458 1893 de
1478 1856 1592 1893 tanto

94 1920 345 1974 patrimonio
376 1920 535 1974 praedo
566 1920 644 1961 iste
674 1920 861 1962 nefarius
892 1932 944 1961 ne
967 1920 1044 1961 iter
1077 1919 1244 1972 quidem
1269 1919 1322 1960 ad
1359 1918 1593 1972 sepulcrum

95 1987 275 2041 patrium
306 1987 564 2039 reliquisset,
610 1987 810 2028 bonorum
856 1986 1010 2040 emptio
1049 1986 1216 2038 falsa,
1256 1985 1469 2038 flagitiosa
1499 1996 1592 2037 pos-

96 2053 251 2105 sessio,
285 2053 408 2105 furta,
428 2052 614 2106 rapinae,
636 2052 896 2094 donationes.
927 2052 1060 2093 Nemo
1085 2057 1185 2103 erat,
1210 2052 1278 2105 qui
1296 2065 1377 2093 11011
1403 2051 1593 2092 audere

97 2119 237 2162 omnia
265 2119 409 2160 mallet
446 2131 571 2171 quam
601 2119 743 2160 videre
774 2118 815 2159 in
847 2119 943 2160 Sex.
976 2118 1135 2171 Roscii,
1180 2119 1255 2160 viri
1287 2117 1432 2172 optimi
1470 2121 1593 2170 atque

95 2185 400 2235 honestissimi,
433 2185 552 2226 bonis
583 2185 807 2226 iactantem
840 2198 885 2226 se
916 2198 966 2226 ac
996 2184 1277 2226 dominantem
1307 2185 1353 2227 Τ.
1385 2184 1592 2225 Roscium.

96 2253 242 2306 Itaque
273 2251 541 2294 decurionum
581 2251 791 2293 decretum
820 2251 959 2292 statim
991 2252 1055 2304 fit,
1098 2256 1140 2293 ut
1171 2252 1315 2294 decem
1347 2250 1468 2305 primi
1498 2262 1592 2303 pro·
1608 2261 1642 2286 25

96 2319 334 2361 ficiscantur
364 2319 417 2360 ad
446 2318 492 2359 L.
525 2318 685 2360 Sullam
717 2318 976 2371 doceantque
1008 2332 1121 2371 eum,
1161 2319 1230 2371 qui
1269 2319 1331 2359 vir
1362 2318 1459 2359 SeX.
1490 2317 1592 2358 Ros—

194 2448 339 2482 Testim.
366 2451 434 2483 vet.

193 2509 212 2548 §
239 2508 296 2542 23.
347 2506 493 2542 Schol.
516 2506 682 2541 Lucan.
709 2505 768 2540 Ph
781 2515 868 2540 ars.
896 2505 957 2549 IX,
983 2507 1027 2542 67
1059 2505 1113 2549 (p.
1131 2506 1199 2542 686
1216 2503 1372 2548 Weber)
1404 2502 1478 2547 ‚qui
1506 2512 1596 2536 non—

99 2563 184 2600 dum
212 2565 336 2600 omnia
361 2571 516 2610 paterno
545 2564 665 2600 funeri
690 2565 788 2600 iusta
814 2564 1011 2599 solvisset‘.

193 2624 408 2659 Arusian.
433 2624 521 2660 Mes
532 2635 558 2659 s.
575 2624 643 2660 VII
659 2635 695 2668 p.
711 2625 791 2666 486,
809 2624 853 2659 14
871 2623 931 2657 K:
959 2622 1034 2658 Cic.
1051 2633 1086 2666 p.
1101 2622 1143 2656 R.
1171 2622 1244 2666 ,qui
1263 2622 1299 2656 in
1321 2631 1388 2657 sua
1409 2632 1447 2656 re
1465 2620 1597 2655 fuisset

99 2683 368 2728 egentissimus,
395 2687 484 2726 erat,
513 2687 552 2717 ut
577 2681 627 2726 fit,
655 2683 819 2718 insolens
846 2683 881 2716 in
908 2682 1051 2717 aliena‘.

197 2745 215 2783 ἓ
242 2743 300 2778 24.
327 2742 406 2777 Iul.
431 2741 673 2777 Rufinian.
701 2753 736 2786 p.
752 2743 808 2785 47,
828 2744 870 2777 10
897 2741 939 2775 H.
957 2740 1085 2776 Cicero
1103 2750 1168 2784 pro
1185 2739 1339 2774 Roscio:
1367 2738 1482 2772 Nemo
1504 2741 1595 2781 erat,

101 2799 162 2843 qui
186 2811 260 2835 non
286 2800 417 2836 ardere
442 2802 525 2836 illa
558 2802 680 2837 omnia
713 2800 838 2835 mallet
864 2809 971 2844 quam
1002 2799 1128 2835 videre
1164 2799 1199 2833 in
1229 2797 1311 2833 Sex.
1336 2797 1462 2832 Roscii
1489 2796 1596 2832 bonis

101 2858 360 2896 dominantem.
