1820 3068
118 1006 438 1059 Sammlung
485 1006 582 1050 der
619 1006 718 1050 auf
749 1007 836 1051 die
872 1018 1039 1059 ganze
1073 1008 1222 1052 Rede
1257 1008 1612 1060 bezuglichen

562 1087 878 1130 testimonia
911 1089 1165 1131 veterum
1612 1093 1621 1099 ²

393 1190 476 1231 und
508 1203 638 1231 zwar:

211 1286 255 1339 a)
294 1285 524 1327 betreffend
566 1286 633 1327 die
673 1286 789 1327 Zeit
830 1286 912 1326 und
953 1285 1019 1327 die
1060 1286 1126 1327 die
1167 1287 1279 1328 Rede
1318 1287 1611 1340 begleitenden

291 1352 593 1394 Umstande.

226 1475 331 1517 Gell.
365 1477 435 1525 15,
466 1476 540 1527 28,
573 1475 599 1518 2
622 1489 682 1528 sq.
751 1476 886 1527 Atque
917 1474 951 1515 is
985 1475 1293 1526 (Cornelius
1324 1475 1521 1528 Nepos)
1552 1479 1610 1515 ta-

115 1555 208 1583 men
239 1542 280 1582 in
311 1542 563 1583 librorum
594 1542 776 1595 primo,
809 1554 911 1594 quos
942 1541 1000 1582 de
1030 1541 1138 1582 vita
1168 1541 1278 1582 illius
1305 1541 1613 1596 (Ciceronis)

115 1608 359 1661 composuit,
391 1621 554 1649 errasse
579 1607 754 1660 videtur,
787 1622 878 1649 eum
904 1621 996 1648 eum
1020 1607 1187 1661 scripsit
1217 1606 1331 1649 tres
1356 1613 1401 1649 et
1428 1609 1612 1661 viginti

115 1688 247 1716 annos
278 1679 418 1715 natum
452 1675 627 1728 primum
661 1687 829 1715 causam
860 1674 1001 1715 iudicii
1032 1674 1187 1727 publici
1220 1674 1358 1726 egisse
1389 1674 1611 1715 Sextum-

114 1755 206 1794 que
231 1742 465 1783 Roscium
490 1740 702 1794 parricidii
726 1754 837 1782 reum
861 1739 1114 1782 defendisse.
1156 1740 1438 1781 Dinumeratis
1461 1741 1614 1794 quippe

114 1808 235 1848 annis
275 1821 300 1848 a
338 1807 386 1857 Q.
419 1807 631 1862 Caepione
672 1811 710 1848 et
741 1806 789 1855 Q.
821 1806 1026 1857 Serrano,
1067 1806 1215 1859 quibus
1248 1807 1487 1847 consulibus
1518 1811 1613 1847 ante

115 1873 223 1915 diem
261 1874 425 1915 tertium
465 1873 610 1914 Nonas
649 1872 833 1913 Ianuarii
874 1887 923 1914 m.
966 1872 1018 1912 M.
1052 1872 1234 1914 Cicero
1274 1877 1395 1914 natus
1435 1878 1518 1925 est,
1560 1873 1612 1913 ad

113 1939 166 1981 M.
186 1940 368 1982 Tullium
399 1944 438 1981 et
466 1938 538 1979 Cn.
563 1938 845 1990 Dolabellam,
877 1939 1025 1991 quibus
1056 1940 1296 1980 consulibus
1331 1952 1499 1979 causam
1531 1939 1612 1992 pri—

114 2011 253 2047 vatam
286 2020 379 2060 pro
413 2004 666 2054 Quinctio
706 2005 819 2058 apud
849 2004 1058 2057 Aquilium
1090 2005 1257 2046 Gallum
1288 2005 1465 2046 iudicem
1497 2005 1612 2057 dixit,

114 2085 189 2113 sex
219 2077 259 2114 et
288 2071 435 2125 viginti
465 2071 562 2112 anni
594 2072 870 2125 reperiuntur.
915 2070 1062 2122 Neque
1094 2070 1262 2111 dubium
1290 2075 1363 2122 est,
1396 2071 1492 2123 quin
1519 2076 1614 2124 post

114 2151 289 2190 annum,
333 2151 456 2190 quam
495 2150 587 2191 pro
627 2137 871 2186 Quinctio
912 2135 1096 2188 dixerat,
1136 2137 1232 2178 Sex.
1265 2136 1460 2178 Roscium
1499 2150 1613 2178 reum

114 2204 328 2258 parricidii
375 2203 631 2255 defenderit,
682 2216 814 2244 annos
853 2202 935 2243 iam
981 2209 1180 2256 septem
1222 2207 1379 2255 atque
1419 2202 1614 2256 viginti

113 2275 257 2323 natus,
288 2270 333 2311 L.
365 2271 482 2312 Sulla
513 2270 653 2311 Felice
684 2269 737 2310 II.
770 2270 818 2318 Q.
850 2269 1018 2310 Metello
1050 2269 1122 2310 Pio
1154 2270 1406 2310 consulibus.

222 2358 271 2399 In
302 2372 384 2411 qua
414 2372 458 2400 re
490 2359 614 2400 etiam
637 2359 995 2400 Fenestellam
1028 2371 1204 2409 errasse,
1236 2358 1498 2399 Pedianus
1529 2359 1612 2398 As-

115 2424 298 2466 conius
329 2425 636 2475 animadvertit,
670 2425 779 2478 quod
805 2438 896 2466 eum
920 2425 1133 2479 scripserit
1158 2429 1303 2466 sexto
1329 2425 1613 2466 vicensimo

115 2490 266 2531 aetatis
311 2504 419 2532 anno
464 2504 558 2544 pro
603 2492 716 2533 Sex.
762 2491 955 2532 Roscio
1002 2491 1171 2532 dixisse.
1248 2490 1432 2543 Longior
1477 2495 1612 2531 autem

114 2556 360 2611 Nepotis,
400 2571 522 2611 quam
555 2558 908 2599 Fenestellae
951 2570 1065 2599 error
1102 2561 1183 2607 est,
1226 2556 1303 2597 nisi
1335 2557 1426 2609 quis
1457 2557 1544 2597 vult
1573 2556 1613 2596 in

115 2623 296 2663 animum
341 2624 558 2674 inducere,
606 2624 889 2678 Nepotem,
937 2622 1073 2664 studio
1121 2623 1275 2663 amoris
1321 2627 1360 2663 et
1405 2622 1612 2663 amicitiae

114 2688 358 2741 adductum,
413 2690 735 2744 amplificandae
782 2689 1071 2731 admirationis
1113 2688 1252 2741 gratia
1296 2688 1611 2741 quadriennium

114 2755 423 2810 suppressisse,
456 2761 499 2798 ut
528 2757 580 2797 M.
614 2757 800 2798 Cicero
832 2757 1061 2798 orationem
1092 2754 1425 2795 florentissimam
1458 2754 1613 2795 dixisse

115 2834 207 2876 pro
239 2822 430 2864 Roscio
461 2823 685 2865 admodum
717 2823 966 2864 adulescens
999 2821 1220 2863 videretur.
