1820 3068
205 126 227 134 »—

213 126 257 168 44
585 128 655 163 Pro
682 127 764 163 Sex.
791 128 927 164 Roscio
954 129 1054 164 0³45
1083 132 1101 169 ἓ
1131 129 1328 165 ‘les-130.

204 238 379 279 serutari
413 242 452 279 et
482 253 611 294 prope
643 240 808 281 modum
840 252 1000 291 errare,
1033 239 1114 291 qui,
1148 252 1237 280 eum
1271 240 1396 294 capiti
1428 242 1526 282 Sex.
1560 241 1699 283 Roscii

204 304 359 345 mederi
391 305 587 356 debeam,
630 306 843 347 reduviam
875 319 1027 346 curem.
1088 305 1181 346 Non
1215 306 1321 346 enim
1354 306 1518 348 laborat
1549 307 1600 349 de
1630 320 1699 360 pe-

203 371 336 421 cunia,
369 385 450 412 non
482 373 605 414 ullius
627 373 827 413 rationem
853 371 914 412 sui
937 371 1142 412 commodi
1166 372 1296 423 ducit,
1330 372 1449 414 facile
1471 378 1699 426 egestatem

203 451 320 478 suam
365 452 409 479 se
448 439 626 479 laturum
665 442 800 492 putat,
848 438 882 478 si
914 437 994 479 hae
1042 437 1216 491 indigna
1255 438 1491 492 suspicione
1535 444 1575 480 et
1606 439 1700 480 ficto

138 504 373 545 ¹²⁹erimine
403 505 602 546 liberatus
633 505 697 545 sit.
740 505 887 546 Verum
919 518 1076 558 quaeso
1107 517 1133 545 a
1155 505 1288 555 vobis,
1318 505 1490 556 iudices,
1523 511 1565 546 ut
1596 506 1702 547 haee

202 584 355 623 pauca,
401 584 506 624 quae
538 575 716 622 restant,
761 571 819 611 ita
850 571 1050 620 audiatis,
1092 575 1135 612 ut
1178 572 1328 625 partim
1359 585 1424 613 me
1455 571 1593 613 dicere
1624 585 1700 626 pro

202 651 266 678 me
304 637 396 691 ipso
443 638 614 692 putetiS,
661 638 810 691 partim
853 650 928 690 pro
958 637 1054 678 Sex.
1087 638 1252 679 Roscio.
1312 638 1429 688 Quae
1460 639 1569 679 enim
1599 638 1700 679 mihi

202 703 282 757 ipsi
313 703 488 757 indigna
520 708 559 744 et
590 703 873 745 intolerabilia
903 704 1107 757 videntur,
1141 717 1329 757 quaeque
1355 704 1408 745 ad
1433 718 1589 757 omneS,
1622 705 1701 746 nisi

203 771 481 823 providemus,
514 771 693 811 arbitror
723 770 944 824 pertinere,
976 783 1025 811 ea
1056 783 1132 824 pro
1162 783 1226 811 me
1256 770 1350 824 ipso
1382 784 1433 812 ex
1463 771 1590 812 animi
1621 771 1700 812 mei

202 850 325 877 sensu
358 850 407 878 ae
438 837 581 878 dolore
612 836 853 891 pronuntio,
896 849 1002 889 quae
1043 837 1096 877 ad
1128 837 1248 878 buius
1289 837 1414 877 vitam
1447 850 1701 891 causamque

201 903 426 956 pertinent,
473 903 642 956 etquid
690 904 756 945 hic
794 917 868 958 pro
910 917 954 945 se
1001 903 1081 945 dici
1121 902 1220 944 velit
1262 908 1301 944 et
1342 916 1424 956 qua
1456 903 1701 946 condicione

200 973 416 1011 contentus
445 970 510 1018 sit,
541 969 683 1010 iamin
710 975 896 1013 extrema
916 971 1101 1012 oratione
1124 975 1279 1023 nostra,
1300 970 1470 1019 iudices,
1502 970 1697 1012 audietis.

136 1039 186 1063 1³0
310 1036 436 1076 XLV.
484 1036 574 1089 Ego
606 1036 711 1078 haec
742 1050 767 1078 a
799 1037 1075 1091 Chrysogono
1107 1050 1201 1078 mea
1232 1041 1380 1091 sponte
1413 1042 1570 1079 remoto
1603 1038 1700 1079 Sex.

201 1102 350 1143 Roscio
392 1116 568 1156 quaero,
614 1103 789 1157 primum
830 1118 959 1157 quare
1007 1104 1108 1145 civis
1152 1103 1295 1157 optimi
1334 1104 1445 1144 bona
1483 1104 1703 1156 venierint,

201 1168 350 1210 deinde
383 1183 511 1222 quare
543 1169 722 1211 hominis
754 1171 854 1223 eius,
889 1171 956 1224 qui
989 1183 1156 1223 neque
1188 1170 1537 1225 proscriptus
1568 1184 1702 1224 neque

201 1235 313 1289 apud
345 1236 611 1277 adversarios
642 1238 805 1279 occisus
837 1243 911 1286 est,
945 1237 1055 1278 bona
1086 1237 1303 1289 venierint,
1339 1250 1430 1278 cum
1461 1237 1502 1278 in
1533 1251 1605 1279 eos
1637 1250 1703 1278 so-

199 1302 262 1342 los
303 1302 370 1343 lex
400 1303 557 1356 scripta
588 1304 662 1356 sit,
711 1304 861 1345 deinde
894 1317 1021 1358 quare
1070 1303 1284 1357 aliquanto
1326 1308 1420 1357 post
1461 1317 1553 1344 eam
1592 1304 1702 1345 diem

200 1368 416 1421 venierint,
449 1382 554 1422 quae
586 1369 675 1411 dies
706 1370 745 1410 in
779 1371 874 1423 lege
898 1370 1121 1424 praefinita
1152 1375 1226 1422 est,
1259 1369 1410 1411 deinde
1441 1383 1512 1411 cur
1543 1370 1702 1411 tantulo

200 1435 417 1476 venierint.
478 1436 595 1485 Quae
635 1437 774 1477 omnia
818 1437 873 1487 si,
921 1450 1042 1490 quem
1088 1436 1142 1478 ad
1186 1436 1354 1479 modum
1400 1437 1536 1478 solent
1565 1436 1703 1478 liberti

199 1514 376 1554 nequam
423 1506 461 1543 et
491 1502 668 1556 improbi
701 1504 864 1556 faeere,
911 1504 949 1544 in
990 1507 1210 1557 patronum
1251 1516 1369 1545 suum
1400 1503 1578 1545 voluerit
1608 1517 1702 1545 con-

199 1568 328 1619 ferre,
374 1568 477 1610 nihil
523 1570 673 1622 egerit,
736 1583 857 1611 nemo
905 1575 967 1611 est
1015 1570 1147 1623 enim,
1202 1570 1270 1622 qui
1321 1570 1482 1611 nesciat
1534 1574 1704 1624 propter

200 1635 528 1688 magnitudinem
574 1650 710 1678 rerum
755 1638 885 1678 multa
933 1638 1085 1679 multos
1134 1637 1291 1690 impie
1350 1636 1611 1690 imprudente
1657 1636 1701 1676 L.

298 1813 442 1848 Testim.
468 1819 536 1850 vet.

295 1872 413 1907 Sclzoz.
445 1873 506 1908 Gr.

200 1931 400 1966 Dicebatur
426 1932 610 1967 Ciceroni:
645 1932 714 1975 ,De
747 1932 869 1975 capite
907 1942 1014 1966 omne
1042 1935 1226 1966 certamen
1262 1935 1338 1975 est,
1373 1935 1411 1965 et
1444 1935 1482 1966 tu
1517 1931 1562 1966 de
1594 1931 1703 1966 bonis

199 1991 326 2025 Roscii
355 1990 472 2025 dieis‘.
523 1991 708 2025 Intellexit
734 1990 804 2025 hoc
831 1990 970 2026 Cicero.
1034 1991 1215 2025 Recurat:
1246 1991 1362 2033 ,Scio,
1389 1990 1521 2035 inquit,
1550 1990 1704 2033 iudices,

201 2054 257 2091 ut,
287 2060 395 2094 quun]
423 2061 489 2094 pro
511 2050 633 2094 capite
654 2048 738 2083 mihi
765 2050 892 2084 Roscii
909 2049 1101 2083 dicendum
1128 2050 1186 2093 sit,
1214 2050 1405 2084 reduviam
1434 2051 1579 2084 curem‘.
1608 2048 1703 2084 Stul-

200 2108 282 2142 titia
307 2114 429 2143 antem
458 2109 589 2144 medici
616 2114 688 2151 est,
715 2115 754 2143 ut
780 2119 847 2152 pro
875 2109 998 2151 capite
1026 2108 1301 2152 panariciu1n1)
1332 2113 1443 2143 curet.
1494 2108 1703 2142 Notandum

201 2172 320 2202 autem
349 2172 422 2209 est,
457 2169 543 2212 quia
570 2168 669 2201 bona
695 2167 930 2202 defendenda
957 2167 1025 2201 sibi
1055 2167 1136 2207 dat,
1166 2168 1299 2211 capitis
1326 2168 1526 2211 perieulum
1554 2167 1702 2202 Roscio.

201 2226 273 2260 Sed
301 2226 408 2268 dicit,
444 2226 534 2261 haee
561 2226 660 2260 bona
689 2237 760 2261 non
788 2226 1049 2269 concupiscere
1076 2226 1267 2269 Roscium,
1295 2226 1362 2261 sed
1389 2230 1550 2269 tantum,
1587 2229 1626 2260 ut
1651 2226 1702 2260 in-

200 2283 311 2318 famia
337 2285 523 2328 parricidii
550 2289 685 2319 careat.

295 2355 354 2389 Re
367 2355 547 2390 duviam
575 2355 737 2399 curem]
767 2353 937 2388 Reduvia
963 2357 1020 2388 est
1045 2353 1177 2388 vulnus
1205 2364 1248 2388 ex
1274 2363 1413 2398 ungue,
1442 2353 1541 2398 quod
1561 2353 1704 2389 Graece

200 2413 427 2456 panarieium
456 2413 599 2449 dicitur.

294 2472 387 2515 Kap.
418 2472 517 2507 XLV
548 2476 566 2514 ἓ
597 2474 673 2508 130.
726 2471 812 2506 Cur
837 2471 1079 2515 tant11102)
1110 2470 1377 2515 venierint]
1409 2470 1477 2505 Hic
1497 2470 1704 2506 ostenditur

201 2530 348 2564 furtum.
399 2530 522 2564 Tanta
547 2542 606 2566 res
634 2540 785 2574 parvum
813 2529 970 2573 pretium
998 2528 1135 2565 habuit.

297 2649 330 2687 1)
358 2648 495 2680 Graexzz
539 2648 585 2682 ,R
616 2644 863 2689 παρονύχιον.
915 2646 969 2677 stc
1006 2647 1049 2677 ad
1077 2646 1264 2685 marginem
1290 2645 1447 2676 Vossiani
1474 2645 1556 2676 (30(1.
1585 2650 1655 2675 erat
1682 2655 1702 2675 a

201 2698 348 2737 quodam
382 2696 616 2726 emendatum:
647 2712 689 2716 -ο
743 2693 1031 2732 ,Panaricium
1066 2694 1139 2724 eine
1164 2692 1353 2724 Krankheit
1390 2703 1435 2723 an
1469 2693 1534 2723 (len
1561 2691 1700 2731 Nageln,

200 2743 398 2774 vermutlieh
433 2755 475 2772 z
516 2741 827 2782 paronychium
868 2742 926 2771 der
959 2741 1077 2772 XVurni
1116 2751 1171 2772 am
1212 2741 1336 2778 Finger
1375 2740 1478 2779 Apul.
1518 2740 1608 2770 herb.
1646 2741 1701 2770 42‘

202 2792 349 2829 Georges
375 2790 599 2821 lan-(leutsch.
623 2789 874 2820 lIan‹lwi3rterb.
892 2788 903 2809 Ἰ
934 2798 957 2819 s.
984 2799 1014 2818 v.
1045 2806 1088 2811 -
1142 2788 1175 2829 1)
1203 2788 1247 2819 So
1275 2790 1351 2825 Or.;
1381 2787 1437 2819 Gr.
1465 2787 1583 2818 Verb.:
1611 2796 1702 2817 cur-

204 2845 340 2875 tatum
368 2843 586 2870 venerunt.
