1820 3068
541 129 612 164 Pro
638 129 721 165 Sex.
747 130 882 165 Roscio
910 142 939 166 c.
965 132 1011 168 28
1038 135 1056 173 ξ
1084 133 1234 168 74-76.
1582 135 1634 177 53

143 239 187 281 O.
218 239 360 281 Eruci:
407 252 487 292 quo
525 239 670 292 modo,
709 244 749 280 et
786 240 846 282 sic
883 244 1018 282 tecum
1059 256 1204 295 agam,
1246 247 1288 284 ut
1317 255 1409 284 meo
1440 244 1532 284 loco
1570 245 1635 286 vel

142 306 421 360 respondendi
450 307 515 347 vel
539 306 831 359 interpellandi
856 306 931 347 tibi
959 312 1207 360 potestatem
1233 309 1384 350 faciam
1409 310 1474 351 vel
1500 310 1636 361 etiam,

141 373 177 413 si
215 372 313 425 quid
356 373 491 421 voles,
532 372 830 426 interrogandi.
891 373 983 422 Quo
1025 375 1147 415 modo
1190 375 1373 416 occidit?
1423 376 1513 429 ipse
1544 390 1633 430 per·
1652 386 1686 411 74

142 440 270 480 cussit
306 452 359 479 an
399 439 492 479 aliis
523 438 795 480 occidendum
828 439 974 480 dedit?
1032 440 1076 481 Si
1107 441 1241 494 ipsum
1275 442 1438 495 arguis,
1480 443 1636 484 Romae

141 519 223 547 non
255 506 352 556 fuit3
384 506 417 546 si
449 518 522 558 per
553 505 659 546 alios
692 505 842 546 fecisse
874 505 991 557 diois,
1024 519 1193 560 quaero,
1224 520 1422 549 servosne
1453 522 1504 549 an
1536 509 1636 550 libe-

140 572 242 613 ros‘?
298 572 349 613 Si
393 572 619 623 liberos,
667 584 769 623 quos
816 571 1040 613 homines?
1087 573 1324 615 indidemne
1372 575 1541 615 Ameria
1585 588 1636 616 an

140 639 268 680 hosce
299 653 349 680 ex
380 638 480 680 urbe
513 637 720 679 sicarios?
777 637 821 679 si
859 638 1050 690 Ameria,
1100 639 1168 692 qui
1209 644 1302 681 sunt
1342 640 1403 681 ii?
1449 654 1519 681 cur
1555 654 1637 682 non

140 704 436 746 nominantur?
465 705 499 746 si
528 705 672 753 Roma,
706 705 814 745 unde
845 717 916 745 eos
947 709 1120 746 noverat
1148 705 1335 757 Roscius,
1366 706 1434 759 qui
1464 707 1638 747 Romam

141 772 280 813 multis
319 771 438 812 annis
478 784 560 812 non
600 771 713 812 venit
752 783 883 823 neque
913 784 1094 823 unquam
1126 773 1220 826 plus
1252 772 1388 813 triduo
1420 773 1525 813 fuiti>
1570 773 1639 814 ubi

141 850 213 879 eos
245 838 468 879 convenit?
503 837 570 889 qui
602 838 830 878 collocutus
863 837 956 878 est‘?
989 850 1069 889 quo
1101 838 1224 879 modo
1251 839 1490 892 persuasit?
1530 840 1638 888 ‚Pre-

140 904 239 945 tium
273 904 420 955 dedit‘3
467 903 530 944 cui
563 903 709 944 dedit?
750 916 824 957 per
857 917 976 956 quem
1009 903 1157 945 dedit?
1198 905 1307 947 unde
1341 910 1411 946 aut
1441 910 1638 958 quantum

141 970 289 1012 dedit?
318 971 467 1011 Nonne
500 970 564 1010 his
596 970 786 1022 vestigiis
817 970 871 1010 ad
902 976 1027 1024 caput
1052 970 1245 1012 maleficii
1270 972 1477 1025 perveniri
1501 972 1639 1013 solet?

140 1038 192 1078 Et
219 1037 340 1078 simul
373 1036 446 1076 tibi
484 1036 526 1076 in
556 1040 735 1077 mentem
774 1036 914 1077 veniat
954 1036 1103 1086 facito,
1147 1050 1267 1089 quem
1299 1038 1352 1079 ad
1383 1039 1550 1079 modum
1581 1038 1638 1078 vi—

140 1108 224 1144 tam
257 1103 428 1144 huiusce
459 1103 723 1156 depinxeris,
758 1102 864 1143 hunc
895 1102 1102 1143 hominem
1130 1102 1261 1144 ferum
1286 1109 1409 1158 atque
1431 1109 1639 1158 agrestem

140 1169 283 1221 fuisse,
315 1182 526 1221 nunquam
559 1182 650 1210 cum
681 1168 847 1210 homine
879 1181 1087 1220 quoquam
1122 1170 1369 1211 collocutum
1401 1184 1506 1222 esse,
1538 1184 1638 1211 nun-

141 1249 263 1288 quam
294 1236 335 1276 in
368 1235 523 1289 oppido
555 1235 802 1276 constitisse.
856 1235 947 1284 Qua
981 1235 1021 1275 in
1053 1249 1095 1277 re
1128 1240 1347 1289 praetereo
1380 1237 1495 1289 illud,
1528 1237 1638 1290 quod
1653 1233 1687 1257 7⁵

140 1302 239 1343 mihi
271 1302 453 1342 maximo
495 1305 740 1355 argumento
781 1301 834 1341 ad
872 1301 993 1342 huius
1025 1301 1305 1343 innocentiam
1337 1308 1501 1356 poterat
1532 1317 1639 1356 esse,

139 1368 180 1409 in
212 1368 376 1410 rusticis
408 1368 605 1420 moribus,
637 1368 676 1408 in
708 1367 818 1409 victu
849 1367 980 1420 arido,
1018 1366 1058 1408 in
1090 1368 1171 1409 hac
1202 1368 1373 1409 horrida
1403 1369 1639 1423 incultaque

139 1434 226 1476 vita
264 1434 384 1475 istius
421 1435 532 1476 modi
570 1434 777 1476 maleficia
808 1434 924 1487 gigni
957 1447 1037 1475 non
1070 1435 1218 1475 solere.
1278 1435 1333 1476 Ut
1361 1449 1444 1477 non
1476 1449 1637 1477 omnem

141 1501 305 1554 frugem
336 1514 469 1554 neque
502 1502 693 1542 arborem
724 1501 764 1541 in
798 1500 908 1541 omni
939 1513 1043 1554 agro
1073 1501 1254 1555 reperire
1287 1502 1437 1555 possis
1468 1503 1528 1544 sic
1557 1515 1638 1544 non

142 1580 262 1608 omne
294 1567 457 1608 facinus
488 1568 527 1608 in
561 1568 670 1609 omni
702 1567 787 1608 vita
818 1567 1012 1608 nascitur.
1059 1568 1105 1608 In
1135 1568 1236 1609 urbe
1260 1569 1442 1609 luxuries
1463 1573 1638 1617 creatur,

142 1646 193 1674 ex
221 1634 382 1674 luxurie
414 1634 590 1675 exsistat
629 1634 808 1675 avaritia
838 1646 1009 1675 necesse
1041 1638 1122 1684 est,
1161 1648 1211 1675 ex
1242 1635 1420 1675 avaritia
1451 1638 1641 1689 erumpat

141 1699 333 1752 audacia,
366 1700 462 1741 inde
495 1700 634 1742 omnia
664 1701 825 1742 scelera
856 1713 905 1741 ac
934 1700 1142 1742 maleficia
1173 1700 1420 1754 gignuntur3
1452 1701 1537 1742 vita
1568 1714 1638 1742 au-

140 1769 221 1807 tem
253 1766 359 1807 haec
389 1767 556 1819 rustica,
589 1780 712 1820 quam
743 1771 785 1808 tu
814 1771 1022 1820 agrestem
1048 1780 1187 1819 vocaS‚
1220 1767 1516 1820 parsimoniae,
1548 1767 1639 1809 dili-

141 1833 330 1886 gentiae,
363 1833 544 1875 iustitiae
577 1833 778 1887 magistra
809 1838 883 1874 est.

251 1898 448 1939 XXVIII.
490 1900 640 1941 Verum
672 1900 777 1941 haec
801 1899 930 1940 missa
954 1899 1083 1951 facio,
1115 1899 1217 1940 illud
1243 1912 1412 1952 quaero,
1442 1899 1477 1940 is
1501 1899 1638 1952 homo,
1655 1912 1688 1935 76

142 1965 233 2017 qui,
274 1969 317 2005 ut
346 1969 431 2006 tute
461 1966 586 2016 dicis,
632 1979 841 2018 nunquam
879 1966 985 2007 inter
1021 1965 1210 2006 homines
1241 1965 1385 2018 fuerit,
1430 1979 1504 2019 per
1535 1978 1639 2018 quos

141 2031 331 2072 homines
362 2031 442 2072 hoo
471 2036 629 2072 tantum
662 2032 846 2080 facinus,
889 2036 973 2072 tam
1004 2032 1232 2083 occultum,
1266 2032 1418 2072 absens
1450 2045 1639 2086 praeser-

141 2097 227 2149 tim,
260 2097 463 2138 conficere
495 2097 686 2151 potuerit.
733 2097 862 2138 Multa
893 2102 986 2138 sunt
1012 2098 1133 2150 falsa,
1165 2097 1337 2150 iudices,
1369 2111 1475 2150 quae
1502 2102 1639 2139 tamen

142 2163 261 2216 argui
295 2163 527 2217 suspiciose
551 2168 744 2217 possunt,
776 2164 816 2203 in
844 2163 908 2204 his
931 2164 1054 2204 rebus
1083 2164 1117 2204 si
1150 2163 1332 2216 suspicio
1362 2168 1526 2218 reperta
1550 2164 1639 2215 erit,

144 2230 309 2283 culpam
341 2229 479 2271 inesse
511 2230 751 2271 concedam.
798 2230 955 2271 Romae
981 2230 1077 2271 Sex.
1102 2230 1277 2271 Roscius
1305 2230 1518 2282 occiditur,
1550 2243 1640 2271 cum

142 2295 184 2336 in
221 2309 325 2349 agro
364 2296 560 2337 Amerino
601 2301 711 2337 esset
750 2296 871 2337 filius.
938 2296 1141 2350 Litteras,
1184 2296 1328 2347 credo,
1368 2295 1480 2336 misit
1519 2295 1641 2336 alicui

143 2361 318 2415 sicario,
364 2361 432 2415 qui
471 2362 629 2403 Romae
670 2367 844 2404 noverat
882 2363 1100 2404 neminem.
1179 2362 1408 2404 Arcessivit
1447 2361 1639 2414 aliquem.

243 2523 387 2557 Testim.
414 2527 480 2557 vet.

239 2587 258 2625 ἓ
285 2585 340 2620 74.
390 2584 616 2619 Priscian.
646 2587 697 2620 III
723 2597 758 2630 p.
786 2587 841 2629 75,
871 2588 909 2621 2:
936 2586 1145 2621 indidemne
1173 2586 1333 2621 Ameria.

241 2646 260 2684 ξ
295 2644 339 2678 76
388 2643 615 2679 Priscian.
643 2645 677 2679 ΙΙ
712 2655 746 2688 p.
774 2645 860 2687 534,
893 2646 957 2681 25:
993 2645 1189 2680 arcessivit
1222 2645 1391 2688 aliquem.
1442 2644 1553 2684 Quem
1579 2647 1643 2677 aut

145 2701 321 2745 quando?

239 2770 360 2805 Schol.
394 2770 457 2805 Gr.
509 2776 527 2814 ἓ
554 2774 597 2808 75
643 2773 835 2817 Frugem
861 2782 1008 2816 neque
1034 2771 1267 2815 arborem]
1309 2771 1401 2813 Quia
1427 2771 1473 2805 dc
1500 2771 1640 2806 rustici-

145 2831 222 2863 tate
248 2829 426 2873 loquitur,
455 2831 623 2876 exempla
650 2831 756 2875 ponit
780 2830 962 2866 arborum.
