1820 3068
511 144 582 180 Pro
609 144 691 181 Sex.
719 145 855 180 Roscio
883 156 913 180 c.
941 146 961 180 6
989 147 1007 186 ξ
1038 144 1185 179 14-17,
1543 140 1597 182 27

106 258 258 313 poscit:
291 271 460 300 causam
491 257 591 299 dicit
619 256 673 308 is,
722 256 790 309 qui
820 269 924 297 unus
956 255 1124 297 relictus
1162 267 1214 295 ex
1241 254 1404 295 illorum
1435 252 1600 294 nefaria

105 325 234 367 caede
265 328 406 366 restat.
464 325 602 376 Atque
639 327 683 364 ut
722 322 887 363 facilius
918 322 1163 375 intellegere
1193 320 1385 375 possitis,
1426 319 1598 370 iudices,
1617 320 1649 344 ¹4

106 406 168 445 ea,
201 404 307 445 quae
338 391 449 432 facta
479 394 592 442 sunt,
632 389 870 442 indigniora
904 401 1016 438 esse,
1057 401 1181 441 quam
1211 388 1316 429 haec
1346 391 1461 437 sunt,
1493 398 1600 438 quae

106 458 293 511 dicimus,
325 458 378 499 ab
408 457 525 498 initio
555 469 622 498 res
653 469 772 509 quem
806 455 860 495 ad
890 455 1057 495 modum
1088 458 1209 508 gesta
1239 454 1304 504 sit,
1335 453 1453 494 vobis
1476 465 1600 506 expo-

105 538 263 577 nemus,
293 538 373 578 quo
404 523 566 565 facilius
597 526 636 564 et
666 522 787 563 huius
805 522 985 563 hominis
1006 520 1334 562 innocentissimi
1353 519 1543 560 miserias
1564 523 1603 559 et

106 592 269 634 illorum
288 591 510 632 audaciam
523 602 777 643 cognoscere
789 589 959 643 possitis
972 592 1011 629 et
1027 588 1084 629 rei
1098 588 1291 642 publicae
1305 586 1599 629 calamitatem.

216 659 283 700 VI.
343 658 440 700 Sex,
471 658 667 708 Roscius,
719 659 838 709 pater
884 655 1076 706 huiusce,
1123 654 1336 709 municeps
1383 652 1602 694 Amerinus
1619 654 1651 677 15

107 725 196 776 fuit,
229 739 319 767 cum
351 737 505 779 genere
537 729 576 765 et
606 723 823 765 nobilitate
856 728 896 764 et
925 722 1104 776 pecunia
1134 734 1215 762 non
1238 721 1361 762 modo
1388 719 1451 761 sui
1473 719 1602 760 muni-

104 791 221 846 cipii,
271 805 414 833 verum
446 791 569 832 etiam
601 790 688 831 eius
718 789 943 831 vicinitatis
975 788 1098 830 facile
1129 789 1306 842 primus,
1351 792 1436 828 tum
1468 786 1605 840 gratia

107 862 230 911 atque
262 857 454 912 hospitiis
492 857 646 899 florens
696 855 906 897 hominum
944 856 1310 896 nobilissimorum.
1370 854 1479 894 Nam
1513 866 1604 894 cum

107 925 307 977 Metellis,
339 924 550 976 Serviliis,
586 923 852 978 Scipionibus
893 928 982 964 erat
1020 923 1056 964 ei
1096 935 1178 963 non
1210 921 1333 963 modo
1365 919 1603 974 hospitium,

108 1006 250 1034 verum
283 992 406 1033 etiam
438 991 690 1032 domesticus
722 1003 821 1031 usus
852 994 892 1031 et
915 989 1184 1040 consuetudo,
1217 1001 1332 1041 quas,
1365 991 1407 1028 ut
1429 999 1605 1039 aequum

109 1063 183 1111 est,
215 1058 398 1099 familias
428 1058 662 1099 honestatis
695 1057 1064 1110 amplitudinisque
1095 1055 1234 1109 gratia
1258 1055 1437 1095 nomino.
1470 1053 1606 1105 Atque

110 1138 161 1167 ex
192 1124 382 1166 omnibus
415 1124 500 1165 suis
532 1124 761 1165 commodis
792 1124 871 1165 hoc
903 1124 1036 1165 solum
1069 1123 1152 1163 filio
1184 1121 1368 1174 reliquit:
1406 1133 1502 1161 nam
1533 1131 1605 1172 pa-

108 1191 345 1234 trimonium
377 1190 594 1232 domestici
624 1190 860 1244 praedones
892 1189 931 1230 vi
957 1194 1141 1243 ereptum
1164 1188 1394 1242 possident,
1424 1187 1538 1227 fama
1569 1189 1608 1226 et

109 1259 196 1300 vita
226 1257 458 1299 innocentis
504 1256 557 1298 ab
597 1256 832 1310 hospitibus
869 1256 1097 1309 amicisque
1138 1247 1324 1309 paternis
1357 1252 1606 1295 defenditur.

110 1326 189 1368 Hic
231 1339 322 1366 cum
370 1323 481 1365 omni
526 1328 711 1377 tempore
754 1323 984 1364 nobilitatis
1024 1323 1161 1363 fautor
1201 1321 1369 1370 fuisset,
1414 1324 1498 1360 tum
1529 1318 1657 1359 hoc16

110 1393 286 1434 tumultu
318 1391 531 1446 proximo,
564 1403 654 1431 cum
688 1390 869 1431 omnium
901 1389 1100 1431 nobilium
1133 1388 1318 1441 dignitas
1351 1391 1390 1428 et
1420 1386 1534 1427 salus
1566 1385 1608 1425 in

111 1459 335 1501 discrimen
366 1458 536 1509 veniret,
568 1461 734 1511 praeter
766 1460 926 1497 ceteros
960 1457 997 1496 in
1027 1469 1077 1496 ea
1100 1455 1312 1496 vicinitate
1335 1466 1426 1494 eam
1449 1456 1609 1506 partem

112 1538 364 1577 causamque
393 1537 534 1578 opera,
566 1523 716 1575 studio,
751 1523 997 1564 auctoritate
1029 1521 1228 1562 defendit.
1269 1519 1431 1561 Etenim
1455 1522 1608 1559 rectum

112 1596 286 1647 putabat
315 1604 390 1646 pro
422 1603 563 1632 eorum
594 1590 813 1631 honestate
844 1603 888 1630 se
921 1602 1127 1643 pugnare,
1175 1591 1344 1640 propter
1385 1599 1488 1640 quos
1518 1585 1609 1639 ipse

110 1658 429 1701 honestissimus
474 1657 580 1698 inter
622 1670 719 1698 suos
757 1657 1065 1698 numerabatur.
1125 1655 1404 1707 Posteaquam
1436 1652 1610 1694 victoria

112 1725 335 1768 constituta
379 1728 441 1766 est
471 1724 524 1765 ab
561 1724 768 1776 armisque
806 1724 1076 1772 recessimus,
1125 1735 1215 1763 cum
1253 1721 1609 1776 proscriberentur

110 1792 300 1834 homines
331 1795 453 1844 atque
485 1804 536 1832 ex
567 1791 677 1832 omni
708 1789 880 1843 regione
912 1793 1158 1842 caperentur
1188 1788 1235 1840 ii,
1276 1789 1343 1840 qui
1376 1785 1608 1827 adversarii

112 1858 241 1900 fuisse
272 1858 546 1912 putabantur,
588 1860 676 1898 erat
707 1856 776 1897 ille
806 1857 963 1897 Romae
995 1856 1191 1908 frequens
1224 1858 1345 1907 atque
1376 1854 1415 1894 in
1450 1853 1539 1894 foro
1571 1857 1610 1893 et

111 1926 152 1966 in
175 1938 245 1966 ore
276 1924 459 1966 omnium
491 1923 641 1964 cotidie
673 1923 933 1973 versabatur,
966 1923 1102 1975 magis
1133 1926 1175 1962 ut
1204 1921 1412 1962 exsultare
1436 1919 1610 1960 victoria

111 1991 342 2033 nobilitatis
374 1990 585 2032 videretur
614 2003 736 2043 quam
768 1988 937 2041 timere,
983 2002 1033 2030 ne
1065 1987 1164 2041 quid
1195 2000 1247 2028 ex
1277 2000 1328 2028 ea
1358 1985 1609 2028 calamitatis

111 2057 190 2099 sibi
224 2057 444 2098 accideret.

222 2124 352 2164 Erant
382 2122 418 2164 ei
449 2126 611 2163 veteres
656 2120 897 2162 inimicitiae
942 2134 1033 2162 cum
1065 2121 1226 2162 duobus
1256 2119 1418 2160 Rosciis
1451 2118 1658 2159 Ameri-1-7

209 2218 352 2253 Testim.
381 2220 448 2252 vet.

206 2280 225 2319 ξ
254 2278 308 2312 15.
336 2275 498 2319 Sulpit.
518 2275 681 2311 Victor
709 2287 742 2319 p.
762 2277 840 2317 323,
861 2277 897 2311 11
918 2275 961 2310 Η.
982 2274 1091 2318 (rhet.
1112 2274 1240 2316 mimi:
1266 2271 1384 2306 Etiam
1401 2270 1490 2305 illud
1507 2280 1610 2314 aper-

110 2338 183 2369 tam
209 2335 526 2370 narrationem
552 2333 643 2369 facit
669 2334 793 2375 ferme,
822 2336 852 2370 si
870 2336 1016 2369 insitum
1034 2333 1172 2367 habeat
1191 2342 1318 2366 casum
1336 2330 1609 2370 nominativum,

109 2394 146 2428 id
175 2400 229 2429 est
256 2398 406 2437 rectum,
433 2403 542 2438 quam
563 2394 698 2429 Graeci
720 2393 966 2438 ὀρθόπτωσιν
993 2396 1140 2431 vocant,
1169 2395 1208 2425 ut
1227 2389 1341 2424 ferme
1368 2388 1610 2423 narratio-

110 2463 188 2487 nes
214 2456 300 2487 sunt
319 2452 585 2487 Tullianae:
623 2453 767 2494 ‚Sextus
795 2453 954 2487 Roscius
980 2456 1087 2496 pater
1114 2450 1254 2484 huius
1281 2448 1471 2490 municeps
1498 2445 1610 2480 Ame-

110 2511 210 2545 rinus
250 2510 330 2545 fuit‘
370 2539 377 2546 .
406 2537 413 2545 .
441 2538 449 2546 .
496 2521 564 2546 nec
596 2510 706 2546 facile
746 2511 844 2555 apud
872 2511 1087 2546 Ciceronem
1128 2513 1185 2544 est
1222 2508 1296 2543 ulla
1331 2507 1437 2541 aliter
1477 2509 1612 2548 coepta

110 2570 283 2604 narratio.

205 2632 223 2669 ξ
254 2629 307 2663 17.
343 2628 511 2663 Fortun
524 2629 662 2664 atian.
689 2640 722 2673 p.
755 2629 830 2670 112,
857 2629 901 2662 24
929 2628 989 2662 H.:
1018 2626 1137 2669 Quid?
1173 2623 1387 2669 ἐκφώνησιν
1413 2633 1611 2667 possumus

111 2687 373 2731 interponere?
412 2698 623 2731 possumus,
664 2692 702 2722 ut
733 2687 945 2731 plerumque
974 2687 1018 2720 M.
1044 2685 1185 2719 Tullius
1212 2684 1317 2718 facit:
1359 2692 1462 2725 ‚quas
1496 2682 1610 2715 inimi-

111 2746 216 2781 citias
244 2746 275 2780 si
300 2750 373 2779 tam
401 2745 649 2788 prohibere
674 2746 858 2790 potuisset
884 2755 991 2789 quam
1019 2748 1182 2778 metuere
1214 2741 1370 2784 solebat,
1400 2741 1562 2776 viveret‘.

207 2804 327 2838 Schol.
359 2804 421 2839 G-r.

206 2863 302 2909 Kap.
329 2863 379 2900 VI
406 2866 424 2906 ἓ
452 2864 508 2899 17.
545 2863 685 2898 Erant
710 2862 751 2899 ei
778 2862 982 2905 veteres]
1017 2861 1140 2904 Usque
1174 2858 1222 2892 ad
1256 2858 1363 2893 istam
1390 2856 1610 2891 narrationis
