1945 3073
727 113 875 158 Kapitel
893 113 978 148 Vm
1007 116 1027 154 §
1053 113 1110 149 23.
1613 112 1691 153 175

159 225 230 264 das
260 225 448 264 deutsche
479 225 768 276 „wirklich“
808 227 848 263 in
886 225 1033 263 diesem
1062 224 1176 262 Falle
1207 223 1328 262 schon
1362 224 1401 261 in
1430 236 1559 271 esse,
1602 222 1690 261 dcm

158 291 334 330 Verbum
366 291 434 330 des
458 292 594 330 realen
617 292 742 341 Seius,
772 293 870 343 liegt
894 291 974 329 und
1004 291 1214 329 hbchstens
1246 289 1370 327 durch
1402 289 1464 327 die
1487 288 1692 327 Partikeln

160 358 228 396 der
266 358 562 408 Versicherung
601 371 740 409 sane,
786 364 923 396 certe
963 356 1232 407 ausgedr‘uckt
1269 356 1427 394 werden
1464 355 1573 403 darf,
1620 356 1693 393 wic

159 424 269 462 Brut.
294 425 318 474 ξ
337 427 386 464 76
410 425 473 473 ,sit
491 425 645 463 Ennius
662 439 770 473 sane,
799 431 849 462 ut
875 430 950 462 est
977 429 1128 473 certe,
1144 423 1381 474 perfectior‘-.
1414 421 1515 460 Statt
1534 427 1582 458 ut
1599 421 1694 459 oder

159 491 292 528 sicut
323 491 426 528 steht
456 491 546 529 sehr
568 491 693 530 selten
724 504 860 542 quem
893 490 954 527 ad
986 489 1194 540 modum,
1225 489 1298 527 wie
1321 502 1383 539 ep.
1403 488 1483 527 Att.
1509 489 1570 535 10,
1601 489 1638 535 4,
1669 488 1692 525 2

159 556 344 608 ,quodam
364 556 480 594 modo
497 557 680 608 postulat,
710 564 764 607 ut,
794 570 933 608 quem
958 556 1015 594 ad
1039 555 1229 593 modum
1251 560 1321 603 est,
1353 556 1409 592 sic
1425 555 1542 592 etiam
1559 553 1694 604 appel-

157 623 260 661 letur
278 623 494 674 tyrannus‘.
527 622 663 661 Cicero
681 638 772 674 mag
788 623 872 661 hier
890 622 1121 660 absichtlich
1151 628 1202 659 ut
1232 621 1340 659 nicht
1370 620 1540 672 gcw'ahlt
1567 619 1694 657 haben

158 702 297 740 wegen
321 689 389 726 des
412 690 666 728 unmittelbar
685 689 1039 740 vorliergehenden
1061 694 1132 737 ut,
1162 688 1243 726 und
1269 690 1307 725 si
1322 693 1401 726 cut
1424 687 1531 724 nicht
1557 700 1694 736 wegen

160 756 228 794 des
258 756 473 806 folgenden
504 757 586 796 sic.
617 781 670 784 —
713 757 746 797 in
777 769 905 809 magna
933 753 1078 809 familia]
1121 755 1212 806 Vgl.
1245 756 1331 793 eine
1362 753 1544 791 'ahnliche
1572 751 1696 790 Stelle

159 823 225 861 bei
256 822 368 862 Oros
400 823 502 861 Hist.
534 823 605 873 VI,
637 826 681 874 1,
722 824 773 861 26
806 837 891 871 7nec
930 823 1050 873 igitur
1088 822 1229 859 mirum
1260 827 1335 870 est,
1383 821 1415 857 si
1444 820 1492 857 in
1522 831 1696 869 magna

160 890 359 927 familia
402 889 657 926 inveniuntur
703 890 825 941 aliqui
857 891 972 938 servi,
1020 890 1087 941 qui
1125 886 1409 926 consuetudine
1450 886 1696 936 lasciviaque

158 956 407 994 seductorum
439 956 658 994 adsuefacti
697 957 889 1007 patientia
919 956 1068 994 domini
1107 956 1167 993 sui
1197 954 1246 991 ad
1279 960 1543 1004 contemptum
1573 952 1696 1003 ipsius

159 1022 395 1061 abutantur&

266 1088 325 1129 Vll·
353 1087 514 1142 optimus]
561 1089 753 1137 ironisch,
787 1090 859 1126 wie
890 1089 1025 1138 haufig
1053 1088 1118 1126 bei
1150 1086 1254 1135 Cic„
1284 1085 1362 1135 vgl.
1396 1085 1554 1135 Quinct.
1587 1084 1612 1135 ξ
1646 1085 1694 1122 16
1725 1083 1750 1134 ξ
1770 1085 1832 1122 23.

159 1156 238 1193 vir
269 1156 488 1206 optimus
519 1155 611 1194 Sex.
644 1156 833 1204 Naevius,
864 1155 960 1193 ibid.
993 1155 1018 1205 ξ
1044 1156 1092 1193 19
1124 1154 1198 1191 iste
1227 1167 1263 1192 v.
1296 1159 1404 1203 opt.‚
1436 1152 1460 1201 ξ
1480 1152 1559 1189 104
1589 1163 1625 1189 u.
1649 1149 1696 1188 R.

161 1222 255 1274 quid
285 1229 340 1273 tu,
367 1223 446 1259 vir
476 1223 681 1273 optime3
714 1222 877 1260 Tuscul.
906 1222 943 1258 Π
974 1221 999 1271 ξ
1019 1223 1072 1259 44
1102 1221 1164 1259 vel
1195 1221 1325 1271 potius
1355 1220 1428 1255 vir
1460 1217 1698 1268 optimus,

160 1289 212 1327 ib.
246 1289 263 1325 I
294 1288 319 1338 ξ
351 1290 374 1327 6
410 1287 458 1325 ab
492 1288 694 1338 optimis
725 1288 804 1326 illis
835 1289 994 1340 quidem
1025 1289 1179 1336 viris,
1210 1287 1262 1325 ib.
1284 1285 1343 1322 III
1375 1286 1399 1335 ξ
1420 1286 1472 1323 50
1496 1283 1698 1334 Epicurei,

160 1356 261 1394 viri
291 1355 478 1406 optimi.
538 1355 731 1405 Dagegen
778 1355 829 1392 ist
869 1355 1049 1406 optimi
1088 1355 1189 1391 viri
1231 1355 1270 1390 in
1311 1352 1380 1389 der
1410 1350 1572 1388 Ani-ede
1604 1354 1697 1386 stets

161 1422 219 1460 als
249 1421 461 1459 Ausdruck
495 1421 564 1459 der
593 1420 887 1472 Hochachtung
928 1435 976 1458 zu
1020 1421 1165 1459 fassen.
1222 1420 1313 1457 Wie
1351 1419 1571 1470 optimus
1603 1415 1698 1453 wird

162 1488 261 1526 auch
304 1487 462 1526 bonus
508 1487 680 1525 ironisch
719 1487 958 1538 gebraucht7
1005 1487 1140 1538 haufig
1170 1489 1222 1524 im
1253 1484 1428 1525 Vokativ
1472 1483 1553 1521 und
1597 1482 1702 1520 dam]

161 1556 300 1594 immer
344 1554 433 1593 dem
471 1553 704 1591 Substantiv
747 1555 1150 1604 vorangestellt7
1202 1568 1243 1592 so
1282 1555 1323 1590 in
1366 1565 1452 1590 uns.
1491 1550 1537 1589 R.
1583 1549 1608 1599 ξ
1648 1549 1699 1587 58

160 1622 286 1659 bone
317 1626 538 1667 accusator,
568 1618 680 1660 Verr.
712 1620 747 1658 V
777 1620 802 1670 ξ
834 1622 884 1658 12
917 1621 1011 1672 quid
1044 1621 1123 1669 ais,
1154 1621 1281 1658 bone
1312 1626 1463 1665 custos3
1495 1615 1606 1655 Orat.
1639 1615 1699 1651 III

163 1688 189 1738 ξ
221 1690 272 1726 64
303 1693 393 1725 sunt
433 1687 536 1725 enim
578 1685 648 1739 (sc.
682 1686 889 1739 Epicurei)
933 1687 1050 1725 boni
1089 1688 1211 1736 viri,
1258 1700 1319 1737 ep.
1352 1684 1427 1735 Qu.
1459 1684 1506 1722 fr.
1539 1684 1576 1732 3,
1607 1682 1644 1731 2,
1676 1682 1699 1719 2

162 1754 321 1792 bonus
361 1754 576 1804 imperator
620 1752 784 1806 (ebenso
815 1754 901 1793 Liv.
934 1755 999 1802 21,
1033 1755 1096 1805 10,
1128 1751 1185 1804 6).
1245 1754 1328 1789 Aus
1370 1751 1446 1789 den
1476 1748 1700 1787 Komikern

162 1820 266 1858 habe
290 1820 353 1857 ich
377 1821 522 1858 notiert
540 1819 794 1871 Plautcapt.
816 1821 893 1858 951
924 1820 1052 1858 bone
1081 1821 1142 1857 vir
1166 1819 1232 1870 (cf.
1257 1819 1326 1856 das
1349 1816 1497 1868 griech.
1518 1811 1700 1866 ω’γαθέ),

162 1886 306 1925 Bacch.
340 1888 418 1925 774
448 1886 572 1924 bone
603 1900 728 1936 serve,
759 1886 849 1924 Cas.
883 1889 918 1933 3,
952 1888 1023 1935 653
1055 1887 1146 1925 Ter.
1179 1886 1305 1923 Andr.
1339 1886 1428 1923 616.
1462 1884 1541 1921 846
1572 1881 1699 1918 bone

162 1954 258 2001 vir,
289 1953 392 1989 Eun.
425 1954 522 2000 850,
555 1953 629 1992 Ad.
664 1955 762 2001 556,
794 1953 845 1992 ib.
877 1955 957 1992 476
989 1953 1055 1991 ille
1085 1953 1244 1990 bonus
1274 1954 1355 2000 vir,
1386 1950 1439 1988 ib.
1474 1950 1553 1988 722
1583 1947 1700 1985 boni

165 2019 449 2068 adulescentis,
489 2019 647 2058 Phorm.
681 2021 759 2058 287
791 2019 917 2057 bone
948 2026 1098 2069 custos,
1144 2019 1198 2056 ib.
1230 2019 1309 2056 258
1341 2017 1495 2054 bonas
1526 2015 1697 2065 nuptias.

164 2085 299 2124 Ueber
345 2086 644 2137 praeclarus
688 2087 739 2123 im
777 2086 1001 2124 ironischen
1035 2086 1157 2124 Sinne
1194 2099 1223 2124 5.
1266 2099 1297 2121 Z.
1330 2084 1355 2134 ξ
1388 2085 1478 2122 101.
1537 2082 1699 2119 Tacitus

165 2152 385 2203 gebraucht
417 2153 662 2202 egregius
698 2153 737 2189 in
768 2153 985 2190 ironischer
1016 2152 1253 2201 Bedeutung
1283 2150 1364 2188 und
1395 2155 1494 2187 setzt
1523 2162 1563 2186 es
1595 2148 1701 2185 dann

165 2219 358 2257 ebenfalls
387 2232 459 2256 vor
490 2219 559 2256 das
590 2219 832 2267 Substantiv,
862 2233 891 2259 5,
922 2219 1158 2270 Nipperdey
1186 2218 1268 2255 und
1298 2218 1454 2267 Driiger
1484 2229 1532 2253 zu
1554 2214 1698 2253 Annal.

163 2285 195 2335 Ι,
225 2287 290 2324 42.
326 2308 371 2313 —-
403 2283 624 2340 procurator]
657 2285 852 2336 Ulpianus
884 2286 977 2335 Dig.
1011 2284 1083 2336 III,
1118 2286 1155 2333 3,
1190 2287 1209 2322 l
1242 2290 1486 2335 ,procurator
1518 2289 1595 2330 est,
1635 2281 1702 2332 qui

164 2351 293 2389 aliena
323 2352 483 2401 negotia
509 2351 698 2389 mandatu
722 2351 869 2389 domini
891 2351 1167 2389 administrat‘.
1189 2374 1238 2378 —
1268 2350 1364 2391 luctu
1387 2346 1574 2404 perditum]
1607 2347 1700 2397 Vgl·

163 2417 278 2457 Verr.
300 2417 335 2455 V
365 2417 390 2467 ξ
409 2419 461 2455 24
490 2417 740 2469 ‚Apollonius
773 2419 850 2454 iam
877 2431 1103 2455 maerore
1134 2431 1180 2455 ac
1210 2418 1434 2455 miseriis
1467 2416 1573 2466 (eine
1604 2413 1699 2451 ahu-

162 2484 267 2521 liche
283 2483 552 2521 Allitteration
583 2485 655 2521 wie
686 2497 746 2534 ep.
780 2484 870 2523 fam.
904 2485 968 2533 14,
999 2486 1036 2533 2,
1069 2485 1092 2522 2
1123 2497 1196 2521 nec
1224 2483 1377 2520 miror
1408 2481 1477 2520 sed
1507 2493 1699 2518 maereo

165 2563 295 2587 casum
327 2549 540 2602 eiusmodi)
571 2551 648 2587 iam
677 2550 935 2600 perditus‘,
967 2550 1067 2589 Mur.
1089 2550 1114 2600 ἓ
1136 2551 1187 2588 86
1218 2563 1337 2600 ,nunc
1366 2548 1471 2586 idem
1502 2577 1511 2586 .
1546 2575 1553 2583 .
1585 2546 1699 2583 lacri-

164 2617 236 2654 mis
267 2629 313 2653 ac
343 2629 567 2654 maerore
598 2616 847 2667 perditus,
884 2622 1014 2653 vester
1043 2622 1101 2654 est
1130 2615 1322 2666 supplex‘.
1367 2614 1437 2651 Als
1468 2614 1702 2663 Synonyma
1742 2637 1749 2642 -

164 2696 241 2719 von
271 2682 509 2733 perditus
548 2681 597 2733 (s.
628 2696 662 2719 Ζ.
701 2682 725 2732 ξ
756 2683 807 2720 33
838 2682 920 2719 und
950 2680 1022 2734 38)
1069 2681 1289 2719 verbinden
1333 2680 1414 2717 sich
1459 2681 1527 2716 mit
1571 2679 1700 2715 luctus

165 2747 245 2784 und
289 2761 441 2785 maeror
489 2747 736 2785 adflictus
789 2748 868 2785 und
915 2748 1249 2798 profligatus,
1299 2759 1340 2783 50
1380 2745 1494 2784 Catil.
1538 2745 1577 2781 Π
1621 2745 1646 2794 ξ
1676 2744 1700 2782 2

165 2819 326 2864 „quanto
350 2813 461 2851 illum
485 2827 662 2855 maerore
686 2827 770 2851 esse
793 2813 850 2850 ad
862 2813 895 2850 fl
911 2815 1059 2851 ictum
1091 2819 1136 2850 et
1164 2812 1504 2863 profligatum
1526 2812 1701 2862 putatis‘,

165 2878 268 2918 Phil.
300 2879 362 2916 IX
393 2879 418 2930 ξ
451 2880 500 2917 12
540 2880 622 2931 ,qui
653 2893 893 2932 quamquam
924 2879 1168 2917 adflictus
1199 2878 1341 2916 luctu
1371 2891 1448 2915 non
1480 2877 1618 2915 adest‘.
1650 2899 1702 2904 —
