<?xml version="1.0" encoding="UTF-8"?>
<!DOCTYPE html PUBLIC "-//W3C//DTD XHTML 1.0 Transitional//EN"
    "http://www.w3.org/TR/xhtml1/DTD/xhtml1-transitional.dtd">
<html xmlns="http://www.w3.org/1999/xhtml" xml:lang="en" lang="en">
 <head>
  <title>
</title>
<meta http-equiv="Content-Type" content="text/html;charset=utf-8" />
  <meta name='ocr-system' content='tesseract 3.04.00' />
  <meta name='ocr-capabilities' content='ocr_page ocr_carea ocr_par ocr_line ocrx_word'/>
</head>
<body>
  <div class='ocr_page' id='page_1' title='image "./redefrsexrisci00ciceuoft_0081.png"; bbox 0 0 1820 3068; ppageno 0'>
   <div class='ocr_carea' id='block_1_1' title="bbox 500 118 1622 160">
    <p class='ocr_par' dir='ltr' id='par_1_1' title="bbox 500 118 1622 160">
     <span class='ocr_line' id='line_1_1' title="bbox 500 118 1622 160; baseline 0.004 -7"><span class='ocrx_word' id='word_1_1' title='bbox 500 119 569 153; x_wconf 89' lang='lat' dir='ltr'>Pro</span> <span class='ocrx_word' id='word_1_2' title='bbox 596 118 680 153; x_wconf 87' lang='lat' dir='ltr'>Sex.</span> <span class='ocrx_word' id='word_1_3' title='bbox 705 118 842 154; x_wconf 90' lang='lat' dir='ltr'>Roscio</span> <span class='ocrx_word' id='word_1_4' title='bbox 867 130 896 153; x_wconf 92' lang='lat' dir='ltr'>c.</span> <span class='ocrx_word' id='word_1_5' title='bbox 923 119 968 153; x_wconf 73' lang='lat'>40</span> <span class='ocrx_word' id='word_1_6' title='bbox 997 122 1015 160; x_wconf 66' lang='grc' dir='ltr'><strong><em>ξ</em></strong></span> <span class='ocrx_word' id='word_1_7' title='bbox 1046 120 1244 155; x_wconf 80' lang='grc'><strong>114--117,</strong></span> <span class='ocrx_word' id='word_1_8' title='bbox 1571 119 1622 159; x_wconf 63' lang='grc'>69</span> 
     </span>
    </p>
   </div>
   <div class='ocr_carea' id='block_1_2' title="bbox 128 229 1702 2550">
    <p class='ocr_par' dir='ltr' id='par_1_2' title="bbox 128 229 1623 286">
     <span class='ocr_line' id='line_1_2' title="bbox 128 229 1623 286; baseline -0.002 -14"><span class='ocrx_word' id='word_1_9' title='bbox 128 234 306 286; x_wconf 85' lang='lat' dir='ltr'>putaret,</span> <span class='ocrx_word' id='word_1_10' title='bbox 336 230 630 284; x_wconf 78' lang='lat' dir='ltr'>interponeret,</span> <span class='ocrx_word' id='word_1_11' title='bbox 661 230 814 283; x_wconf 90' lang='lat' dir='ltr'>illeque</span> <span class='ocrx_word' id='word_1_12' title='bbox 845 242 938 271; x_wconf 89' lang='lat' dir='ltr'>sese</span> <span class='ocrx_word' id='word_1_13' title='bbox 970 230 1173 271; x_wconf 88' lang='lat' dir='ltr'>facturum</span> <span class='ocrx_word' id='word_1_14' title='bbox 1204 229 1443 284; x_wconf 79' lang='lat' dir='ltr'>recepisset,</span> <span class='ocrx_word' id='word_1_15' title='bbox 1474 242 1623 280; x_wconf 88' lang='lat' dir='ltr'>nonne,</span> 
     </span>
    </p>

    <p class='ocr_par' dir='ltr' id='par_1_3' title="bbox 129 297 1692 886">
     <span class='ocr_line' id='line_1_3' title="bbox 129 297 1625 350; baseline -0.001 -11"><span class='ocrx_word' id='word_1_16' title='bbox 129 298 162 339; x_wconf 89' lang='lat' dir='ltr'>si</span> <span class='ocrx_word' id='word_1_17' title='bbox 195 311 246 339; x_wconf 84' lang='lat' dir='ltr'>ex</span> <span class='ocrx_word' id='word_1_18' title='bbox 277 311 325 339; x_wconf 91' lang='lat' dir='ltr'>eo</span> <span class='ocrx_word' id='word_1_19' title='bbox 356 297 525 350; x_wconf 87' lang='lat' dir='ltr'>negotio</span> <span class='ocrx_word' id='word_1_20' title='bbox 556 297 758 338; x_wconf 89' lang='lat' dir='ltr'>tantulum</span> <span class='ocrx_word' id='word_1_21' title='bbox 777 297 818 337; x_wconf 91' lang='lat' dir='ltr'>in</span> <span class='ocrx_word' id='word_1_22' title='bbox 841 310 925 338; x_wconf 89' lang='lat' dir='ltr'>rem</span> <span class='ocrx_word' id='word_1_23' title='bbox 950 309 1066 338; x_wconf 89' lang='lat' dir='ltr'>suam</span> <span class='ocrx_word' id='word_1_24' title='bbox 1088 297 1372 349; x_wconf 91' lang='lat' dir='ltr'>convertisset,</span> <span class='ocrx_word' id='word_1_25' title='bbox 1404 297 1625 338; x_wconf 87' lang='lat' dir='ltr'>damnatus</span> 
     </span>
     <span class='ocr_line' id='line_1_4' title="bbox 129 363 1624 418; baseline -0.001 -13"><span class='ocrx_word' id='word_1_26' title='bbox 129 378 204 418; x_wconf 93' lang='lat' dir='ltr'>per</span> <span class='ocrx_word' id='word_1_27' title='bbox 234 364 432 405; x_wconf 87' lang='lat' dir='ltr'>arbitrum</span> <span class='ocrx_word' id='word_1_28' title='bbox 482 368 521 404; x_wconf 87' lang='lat' dir='ltr'>et</span> <span class='ocrx_word' id='word_1_29' title='bbox 558 377 644 405; x_wconf 90' lang='lat' dir='ltr'>rem</span> <span class='ocrx_word' id='word_1_30' title='bbox 686 364 920 405; x_wconf 87' lang='lat' dir='ltr'>restitueret</span> <span class='ocrx_word' id='word_1_31' title='bbox 951 367 991 404; x_wconf 90' lang='lat' dir='ltr'>et</span> <span class='ocrx_word' id='word_1_32' title='bbox 1020 364 1280 405; x_wconf 76' lang='lat' dir='ltr'>honestatem</span> <span class='ocrx_word' id='word_1_33' title='bbox 1314 377 1475 404; x_wconf 90' lang='lat' dir='ltr'>omnem</span> <span class='ocrx_word' id='word_1_34' title='bbox 1508 363 1624 403; x_wconf 87' lang='lat' dir='ltr'>amit-</span> 
     </span>
     <span class='ocr_line' id='line_1_5' title="bbox 129 429 1692 482; baseline -0.002 -10"><span class='ocrx_word' id='word_1_35' title='bbox 129 431 264 473; x_wconf 79' lang='lat' dir='ltr'>teret?</span> <span class='ocrx_word' id='word_1_36' title='bbox 320 431 440 472; x_wconf 86' lang='lat' dir='ltr'>Nunc</span> <span class='ocrx_word' id='word_1_37' title='bbox 469 444 550 472; x_wconf 92' lang='lat' dir='ltr'>non</span> <span class='ocrx_word' id='word_1_38' title='bbox 589 431 698 472; x_wconf 90' lang='lat' dir='ltr'>hanc</span> <span class='ocrx_word' id='word_1_39' title='bbox 736 432 771 472; x_wconf 90' lang='lat' dir='ltr'>ei</span> <span class='ocrx_word' id='word_1_40' title='bbox 811 444 897 471; x_wconf 89' lang='lat' dir='ltr'>rem</span> <span class='ocrx_word' id='word_1_41' title='bbox 929 430 1023 472; x_wconf 81' lang='lat' dir='ltr'>Sex.</span> <span class='ocrx_word' id='word_1_42' title='bbox 1059 430 1234 472; x_wconf 81' lang='lat' dir='ltr'>Roscius</span> <span class='ocrx_word' id='word_1_43' title='bbox 1264 430 1502 482; x_wconf 87' lang='lat' dir='ltr'>mandavit,</span> <span class='ocrx_word' id='word_1_44' title='bbox 1538 429 1692 481; x_wconf 77' lang='lat' dir='ltr'>sed,115</span> 
     </span>
     <span class='ocr_line' id='line_1_6' title="bbox 129 495 1627 551; baseline -0.002 -13"><span class='ocrx_word' id='word_1_45' title='bbox 129 498 172 538; x_wconf 92' lang='lat' dir='ltr'>id</span> <span class='ocrx_word' id='word_1_46' title='bbox 204 497 313 550; x_wconf 91' lang='lat' dir='ltr'>quod</span> <span class='ocrx_word' id='word_1_47' title='bbox 345 497 472 538; x_wconf 87' lang='lat' dir='ltr'>multo</span> <span class='ocrx_word' id='word_1_48' title='bbox 503 498 673 550; x_wconf 83' lang='lat' dir='ltr'>gravius</span> <span class='ocrx_word' id='word_1_49' title='bbox 704 501 778 550; x_wconf 84' lang='lat' dir='ltr'>est,</span> <span class='ocrx_word' id='word_1_50' title='bbox 810 498 900 551; x_wconf 90' lang='lat' dir='ltr'>ipse</span> <span class='ocrx_word' id='word_1_51' title='bbox 932 496 1028 538; x_wconf 82' lang='lat' dir='ltr'>Sex.</span> <span class='ocrx_word' id='word_1_52' title='bbox 1056 498 1230 539; x_wconf 87' lang='lat' dir='ltr'>Roscius</span> <span class='ocrx_word' id='word_1_53' title='bbox 1262 511 1353 538; x_wconf 90' lang='lat' dir='ltr'>cum</span> <span class='ocrx_word' id='word_1_54' title='bbox 1387 497 1512 545; x_wconf 86' lang='lat' dir='ltr'>fama,</span> <span class='ocrx_word' id='word_1_55' title='bbox 1541 495 1627 536; x_wconf 87' lang='lat' dir='ltr'>vita</span> 
     </span>
     <span class='ocr_line' id='line_1_7' title="bbox 131 562 1627 617; baseline -0.003 -11"><span class='ocrx_word' id='word_1_56' title='bbox 131 565 333 617; x_wconf 90' lang='lat' dir='ltr'>bonisque</span> <span class='ocrx_word' id='word_1_57' title='bbox 365 564 554 605; x_wconf 90' lang='lat' dir='ltr'>omnibus</span> <span class='ocrx_word' id='word_1_58' title='bbox 587 577 612 605; x_wconf 93' lang='lat' dir='ltr'>a</span> <span class='ocrx_word' id='word_1_59' title='bbox 640 564 933 606; x_wconf 83' lang='lat' dir='ltr'>decurionibus</span> <span class='ocrx_word' id='word_1_60' title='bbox 965 564 1129 617; x_wconf 89' lang='lat' dir='ltr'>publice</span> <span class='ocrx_word' id='word_1_61' title='bbox 1154 564 1199 604; x_wconf 87' lang='lat' dir='ltr'>T.</span> <span class='ocrx_word' id='word_1_62' title='bbox 1222 564 1374 605; x_wconf 90' lang='lat' dir='ltr'>Roscio</span> <span class='ocrx_word' id='word_1_63' title='bbox 1405 562 1627 603; x_wconf 87' lang='lat' dir='ltr'>mandatus</span> 
     </span>
     <span class='ocr_line' id='line_1_8' title="bbox 131 630 1628 684; baseline -0.003 -12"><span class='ocrx_word' id='word_1_64' title='bbox 131 635 215 682; x_wconf 73' lang='lat' dir='ltr'>est,</span> <span class='ocrx_word' id='word_1_65' title='bbox 264 635 303 672; x_wconf 89' lang='lat' dir='ltr'>et</span> <span class='ocrx_word' id='word_1_66' title='bbox 347 644 398 672; x_wconf 85' lang='lat' dir='ltr'>ex</span> <span class='ocrx_word' id='word_1_67' title='bbox 444 644 492 672; x_wconf 94' lang='lat' dir='ltr'>eo</span> <span class='ocrx_word' id='word_1_68' title='bbox 524 631 570 671; x_wconf 88' lang='lat' dir='ltr'>T.</span> <span class='ocrx_word' id='word_1_69' title='bbox 604 632 778 672; x_wconf 79' lang='lat' dir='ltr'>Roscius</span> <span class='ocrx_word' id='word_1_70' title='bbox 824 644 905 672; x_wconf 91' lang='lat' dir='ltr'>non</span> <span class='ocrx_word' id='word_1_71' title='bbox 949 631 1119 684; x_wconf 90' lang='lat' dir='ltr'>paulum</span> <span class='ocrx_word' id='word_1_72' title='bbox 1160 631 1300 672; x_wconf 90' lang='lat' dir='ltr'>nescio</span> <span class='ocrx_word' id='word_1_73' title='bbox 1341 630 1439 684; x_wconf 89' lang='lat' dir='ltr'>quid</span> <span class='ocrx_word' id='word_1_74' title='bbox 1470 630 1510 669; x_wconf 91' lang='lat' dir='ltr'>in</span> <span class='ocrx_word' id='word_1_75' title='bbox 1541 642 1628 669; x_wconf 89' lang='lat' dir='ltr'>rem</span> 
     </span>
     <span class='ocr_line' id='line_1_9' title="bbox 130 695 1629 750; baseline -0.002 -11"><span class='ocrx_word' id='word_1_76' title='bbox 130 712 247 739; x_wconf 84' lang='lat' dir='ltr'>suam</span> <span class='ocrx_word' id='word_1_77' title='bbox 288 698 509 750; x_wconf 88' lang='lat' dir='ltr'>convertit,</span> <span class='ocrx_word' id='word_1_78' title='bbox 555 698 628 739; x_wconf 88' lang='lat' dir='ltr'>sed</span> <span class='ocrx_word' id='word_1_79' title='bbox 672 698 781 739; x_wconf 90' lang='lat' dir='ltr'>hunc</span> <span class='ocrx_word' id='word_1_80' title='bbox 820 696 1004 738; x_wconf 90' lang='lat' dir='ltr'>funditus</span> <span class='ocrx_word' id='word_1_81' title='bbox 1048 698 1194 738; x_wconf 89' lang='lat' dir='ltr'>evertit</span> <span class='ocrx_word' id='word_1_82' title='bbox 1235 698 1374 748; x_wconf 86' lang='lat' dir='ltr'>bonis,</span> <span class='ocrx_word' id='word_1_83' title='bbox 1421 698 1511 750; x_wconf 88' lang='lat' dir='ltr'>ipse</span> <span class='ocrx_word' id='word_1_84' title='bbox 1550 695 1629 736; x_wconf 89' lang='lat' dir='ltr'>tria</span> 
     </span>
     <span class='ocr_line' id='line_1_10' title="bbox 130 761 1627 819; baseline -0.003 -13"><span class='ocrx_word' id='word_1_85' title='bbox 130 764 306 819; x_wconf 87' lang='lat' dir='ltr'>praedia</span> <span class='ocrx_word' id='word_1_86' title='bbox 336 764 414 805; x_wconf 90' lang='lat' dir='ltr'>sibi</span> <span class='ocrx_word' id='word_1_87' title='bbox 446 764 643 817; x_wconf 86' lang='lat' dir='ltr'>depectus</span> <span class='ocrx_word' id='word_1_88' title='bbox 676 769 758 817; x_wconf 88' lang='lat' dir='ltr'>est,</span> <span class='ocrx_word' id='word_1_89' title='bbox 791 765 1044 806; x_wconf 90' lang='lat' dir='ltr'>voluntatem</span> <span class='ocrx_word' id='word_1_90' title='bbox 1077 763 1344 805; x_wconf 83' lang='lat' dir='ltr'>decurionum</span> <span class='ocrx_word' id='word_1_91' title='bbox 1378 777 1427 804; x_wconf 92' lang='lat' dir='ltr'>ac</span> <span class='ocrx_word' id='word_1_92' title='bbox 1457 761 1627 803; x_wconf 88' lang='lat' dir='ltr'>munici-</span> 
     </span>
     <span class='ocr_line' id='line_1_11' title="bbox 131 830 1292 886; baseline 0 -14"><span class='ocrx_word' id='word_1_93' title='bbox 131 845 227 886; x_wconf 89' lang='lat' dir='ltr'>pum</span> <span class='ocrx_word' id='word_1_94' title='bbox 259 831 439 872; x_wconf 91' lang='lat' dir='ltr'>omnium</span> <span class='ocrx_word' id='word_1_95' title='bbox 470 831 671 872; x_wconf 87' lang='lat' dir='ltr'>tantidem</span> <span class='ocrx_word' id='word_1_96' title='bbox 703 831 844 885; x_wconf 88' lang='lat' dir='ltr'>quanti</span> <span class='ocrx_word' id='word_1_97' title='bbox 876 830 999 872; x_wconf 91' lang='lat' dir='ltr'>fidem</span> <span class='ocrx_word' id='word_1_98' title='bbox 1031 843 1148 871; x_wconf 86' lang='lat' dir='ltr'>suam</span> <span class='ocrx_word' id='word_1_99' title='bbox 1183 830 1292 872; x_wconf 85' lang='lat' dir='ltr'>fecit.</span> 
     </span>
    </p>

    <p class='ocr_par' dir='ltr' id='par_1_4' title="bbox 130 894 1702 2550">
     <span class='ocr_line' id='line_1_12' title="bbox 240 894 1696 952; baseline -0.003 -13"><span class='ocrx_word' id='word_1_100' title='bbox 240 898 328 939; x_wconf 91' lang='lat' dir='ltr'>XL.</span> <span class='ocrx_word' id='word_1_101' title='bbox 387 898 536 940; x_wconf 87' lang='lat' dir='ltr'>Videte</span> <span class='ocrx_word' id='word_1_102' title='bbox 580 898 664 939; x_wconf 88' lang='lat' dir='ltr'>iam</span> <span class='ocrx_word' id='word_1_103' title='bbox 707 911 831 952; x_wconf 89' lang='lat' dir='ltr'>porro</span> <span class='ocrx_word' id='word_1_104' title='bbox 873 901 1030 950; x_wconf 87' lang='lat' dir='ltr'>cetera,</span> <span class='ocrx_word' id='word_1_105' title='bbox 1076 897 1254 949; x_wconf 88' lang='lat' dir='ltr'>iudices,</span> <span class='ocrx_word' id='word_1_106' title='bbox 1301 902 1343 937; x_wconf 89' lang='lat' dir='ltr'>ut</span> <span class='ocrx_word' id='word_1_107' title='bbox 1373 894 1696 948; x_wconf 41' lang='lat' dir='ltr'>intellegatis&amp;</span> 
     </span>
     <span class='ocr_line' id='line_1_13' title="bbox 130 961 1629 1018; baseline -0.003 -12"><span class='ocrx_word' id='word_1_108' title='bbox 130 964 379 1006; x_wconf 90' lang='lat' dir='ltr'>maleficium</span> <span class='ocrx_word' id='word_1_109' title='bbox 410 965 567 1006; x_wconf 90' lang='lat' dir='ltr'>nullum</span> <span class='ocrx_word' id='word_1_110' title='bbox 598 965 697 1017; x_wconf 82' lang='lat' dir='ltr'>fingi</span> <span class='ocrx_word' id='word_1_111' title='bbox 729 977 868 1018; x_wconf 81' lang='lat' dir='ltr'>posse,</span> <span class='ocrx_word' id='word_1_112' title='bbox 900 977 980 1016; x_wconf 91' lang='lat' dir='ltr'>quo</span> <span class='ocrx_word' id='word_1_113' title='bbox 1003 963 1081 1004; x_wconf 91' lang='lat' dir='ltr'>iste</span> <span class='ocrx_word' id='word_1_114' title='bbox 1105 977 1198 1005; x_wconf 90' lang='lat' dir='ltr'>sese</span> <span class='ocrx_word' id='word_1_115' title='bbox 1218 977 1300 1004; x_wconf 90' lang='lat' dir='ltr'>non</span> <span class='ocrx_word' id='word_1_116' title='bbox 1325 961 1629 1004; x_wconf 86' lang='lat' dir='ltr'>contaminarit.</span> 
     </span>
     <span class='ocr_line' id='line_1_14' title="bbox 132 1030 1630 1083; baseline -0.002 -11"><span class='ocrx_word' id='word_1_117' title='bbox 132 1032 178 1072; x_wconf 90' lang='lat' dir='ltr'>In</span> <span class='ocrx_word' id='word_1_118' title='bbox 208 1032 331 1073; x_wconf 90' lang='lat' dir='ltr'>rebus</span> <span class='ocrx_word' id='word_1_119' title='bbox 362 1031 588 1072; x_wconf 89' lang='lat' dir='ltr'>minoribus</span> <span class='ocrx_word' id='word_1_120' title='bbox 627 1032 783 1073; x_wconf 89' lang='lat' dir='ltr'>socium</span> <span class='ocrx_word' id='word_1_121' title='bbox 824 1030 970 1072; x_wconf 82' lang='lat' dir='ltr'>fallere</span> <span class='ocrx_word' id='word_1_122' title='bbox 1008 1030 1291 1083; x_wconf 87' lang='lat' dir='ltr'>turpissimum</span> <span class='ocrx_word' id='word_1_123' title='bbox 1325 1033 1387 1070; x_wconf 87' lang='lat' dir='ltr'>est</span> <span class='ocrx_word' id='word_1_124' title='bbox 1417 1041 1630 1081; x_wconf 87' lang='lat' dir='ltr'>aequeque</span> 
     </span>
     <span class='ocr_line' id='line_1_15' title="bbox 132 1096 1633 1152; baseline -0.003 -13"><span class='ocrx_word' id='word_1_125' title='bbox 132 1102 250 1152; x_wconf 84' lang='lat' dir='ltr'>turpe</span> <span class='ocrx_word' id='word_1_126' title='bbox 286 1101 409 1151; x_wconf 84' lang='lat' dir='ltr'>atque</span> <span class='ocrx_word' id='word_1_127' title='bbox 440 1098 554 1149; x_wconf 88' lang='lat' dir='ltr'>illud,</span> <span class='ocrx_word' id='word_1_128' title='bbox 587 1098 637 1139; x_wconf 93' lang='lat' dir='ltr'>de</span> <span class='ocrx_word' id='word_1_129' title='bbox 669 1111 749 1151; x_wconf 91' lang='lat' dir='ltr'>quo</span> <span class='ocrx_word' id='word_1_130' title='bbox 774 1102 869 1139; x_wconf 87' lang='lat' dir='ltr'>ante</span> <span class='ocrx_word' id='word_1_131' title='bbox 900 1097 1007 1149; x_wconf 68' lang='lat' dir='ltr'>dixi,</span> <span class='ocrx_word' id='word_1_132' title='bbox 1041 1110 1175 1149; x_wconf 87' lang='lat' dir='ltr'>neque</span> <span class='ocrx_word' id='word_1_133' title='bbox 1207 1096 1377 1148; x_wconf 89' lang='lat' dir='ltr'>iniuria,</span> <span class='ocrx_word' id='word_1_134' title='bbox 1409 1099 1633 1149; x_wconf 87' lang='lat' dir='ltr'>propterea</span> 
     </span>
     <span class='ocr_line' id='line_1_16' title="bbox 133 1163 1631 1219; baseline -0.003 -13"><span class='ocrx_word' id='word_1_135' title='bbox 133 1165 243 1219; x_wconf 87' lang='lat' dir='ltr'>quod</span> <span class='ocrx_word' id='word_1_136' title='bbox 274 1164 472 1206; x_wconf 84' lang='lat' dir='ltr'>auxilium</span> <span class='ocrx_word' id='word_1_137' title='bbox 505 1165 582 1205; x_wconf 88' lang='lat' dir='ltr'>sibi</span> <span class='ocrx_word' id='word_1_138' title='bbox 615 1178 659 1206; x_wconf 92' lang='lat' dir='ltr'>se</span> <span class='ocrx_word' id='word_1_139' title='bbox 691 1168 808 1218; x_wconf 88' lang='lat' dir='ltr'>putat</span> <span class='ocrx_word' id='word_1_140' title='bbox 839 1164 1103 1216; x_wconf 85' lang='lat' dir='ltr'>adiunxisse,</span> <span class='ocrx_word' id='word_1_141' title='bbox 1153 1163 1221 1216; x_wconf 86' lang='lat' dir='ltr'>qui</span> <span class='ocrx_word' id='word_1_142' title='bbox 1260 1176 1350 1204; x_wconf 92' lang='lat' dir='ltr'>cum</span> <span class='ocrx_word' id='word_1_143' title='bbox 1382 1163 1513 1204; x_wconf 88' lang='lat' dir='ltr'>altero</span> <span class='ocrx_word' id='word_1_144' title='bbox 1545 1175 1631 1203; x_wconf 89' lang='lat' dir='ltr'>rem</span> 
     </span>
     <span class='ocr_line' id='line_1_17' title="bbox 134 1228 1631 1284; baseline -0.003 -10"><span class='ocrx_word' id='word_1_145' title='bbox 134 1231 465 1274; x_wconf 81' lang='lat' dir='ltr'>communicavit.</span> <span class='ocrx_word' id='word_1_146' title='bbox 507 1231 571 1272; x_wconf 90' lang='lat' dir='ltr'>Ad</span> <span class='ocrx_word' id='word_1_147' title='bbox 603 1230 717 1273; x_wconf 90' lang='lat' dir='ltr'>cuius</span> <span class='ocrx_word' id='word_1_148' title='bbox 748 1231 874 1284; x_wconf 84' lang='lat' dir='ltr'>igitur</span> <span class='ocrx_word' id='word_1_149' title='bbox 905 1230 1027 1272; x_wconf 87' lang='lat' dir='ltr'>fidem</span> <span class='ocrx_word' id='word_1_150' title='bbox 1060 1228 1284 1282; x_wconf 83' lang='lat' dir='ltr'>confugiet,</span> <span class='ocrx_word' id='word_1_151' title='bbox 1318 1243 1408 1270; x_wconf 92' lang='lat' dir='ltr'>cum</span> <span class='ocrx_word' id='word_1_152' title='bbox 1440 1243 1514 1283; x_wconf 88' lang='lat' dir='ltr'>per</span> <span class='ocrx_word' id='word_1_153' title='bbox 1544 1229 1631 1270; x_wconf 88' lang='lat' dir='ltr'>eius</span> 
     </span>
     <span class='ocr_line' id='line_1_18' title="bbox 133 1295 1631 1351; baseline -0.003 -11"><span class='ocrx_word' id='word_1_154' title='bbox 133 1299 256 1341; x_wconf 84' lang='lat' dir='ltr'>fidem</span> <span class='ocrx_word' id='word_1_155' title='bbox 287 1298 478 1348; x_wconf 84' lang='lat' dir='ltr'>laeditur,</span> <span class='ocrx_word' id='word_1_156' title='bbox 511 1298 574 1339; x_wconf 92' lang='lat' dir='ltr'>cui</span> <span class='ocrx_word' id='word_1_157' title='bbox 605 1311 650 1339; x_wconf 92' lang='lat' dir='ltr'>se</span> <span class='ocrx_word' id='word_1_158' title='bbox 683 1297 964 1339; x_wconf 79' lang='lat' dir='ltr'>commiserit?</span> <span class='ocrx_word' id='word_1_159' title='bbox 1005 1298 1139 1351; x_wconf 89' lang='lat' dir='ltr'>Atque</span> <span class='ocrx_word' id='word_1_160' title='bbox 1171 1309 1221 1337; x_wconf 88' lang='lat' dir='ltr'>ea</span> <span class='ocrx_word' id='word_1_161' title='bbox 1252 1300 1346 1336; x_wconf 90' lang='lat' dir='ltr'>sunt</span> <span class='ocrx_word' id='word_1_162' title='bbox 1370 1295 1631 1336; x_wconf 87' lang='lat' dir='ltr'>animadver-</span> 
     </span>
     <span class='ocr_line' id='line_1_19' title="bbox 133 1361 1633 1419; baseline -0.003 -11"><span class='ocrx_word' id='word_1_163' title='bbox 133 1366 261 1408; x_wconf 87' lang='lat' dir='ltr'>tenda</span> <span class='ocrx_word' id='word_1_164' title='bbox 289 1369 463 1419; x_wconf 87' lang='lat' dir='ltr'>peccata</span> <span class='ocrx_word' id='word_1_165' title='bbox 494 1365 687 1415; x_wconf 81' lang='lat' dir='ltr'>maxime,</span> <span class='ocrx_word' id='word_1_166' title='bbox 722 1377 828 1417; x_wconf 91' lang='lat' dir='ltr'>quae</span> <span class='ocrx_word' id='word_1_167' title='bbox 860 1363 1106 1405; x_wconf 87' lang='lat' dir='ltr'>difficillime</span> <span class='ocrx_word' id='word_1_168' title='bbox 1138 1366 1454 1418; x_wconf 79' lang='lat' dir='ltr'>praecaventur.</span> <span class='ocrx_word' id='word_1_169' title='bbox 1515 1361 1633 1403; x_wconf 86' lang='lat' dir='ltr'>Tecti</span> 
     </span>
     <span class='ocr_line' id='line_1_20' title="bbox 134 1428 1634 1485; baseline -0.004 -11"><span class='ocrx_word' id='word_1_170' title='bbox 134 1446 227 1474; x_wconf 91' lang='lat' dir='ltr'>esse</span> <span class='ocrx_word' id='word_1_171' title='bbox 274 1432 328 1473; x_wconf 88' lang='lat' dir='ltr'>ad</span> <span class='ocrx_word' id='word_1_172' title='bbox 377 1432 536 1473; x_wconf 87' lang='lat' dir='ltr'>alienos</span> <span class='ocrx_word' id='word_1_173' title='bbox 580 1444 823 1485; x_wconf 78' lang='lat' dir='ltr'>possumuS,</span> <span class='ocrx_word' id='word_1_174' title='bbox 868 1430 999 1471; x_wconf 87' lang='lat' dir='ltr'>intimi</span> <span class='ocrx_word' id='word_1_175' title='bbox 1041 1431 1171 1472; x_wconf 88' lang='lat' dir='ltr'>multa</span> <span class='ocrx_word' id='word_1_176' title='bbox 1215 1429 1426 1484; x_wconf 80' lang='lat' dir='ltr'>apertiora</span> <span class='ocrx_word' id='word_1_177' title='bbox 1465 1428 1634 1469; x_wconf 87' lang='lat' dir='ltr'>videant</span> 
     </span>
     <span class='ocr_line' id='line_1_21' title="bbox 133 1495 1634 1551; baseline -0.003 -11"><span class='ocrx_word' id='word_1_178' title='bbox 133 1511 305 1540; x_wconf 90' lang='lat' dir='ltr'>necesse</span> <span class='ocrx_word' id='word_1_179' title='bbox 349 1502 432 1550; x_wconf 74' lang='lat' dir='ltr'>est,</span> <span class='ocrx_word' id='word_1_180' title='bbox 479 1498 636 1539; x_wconf 90' lang='lat' dir='ltr'>socium</span> <span class='ocrx_word' id='word_1_181' title='bbox 669 1511 839 1549; x_wconf 86' lang='lat' dir='ltr'>cavere,</span> <span class='ocrx_word' id='word_1_182' title='bbox 883 1497 951 1550; x_wconf 91' lang='lat' dir='ltr'>qui</span> <span class='ocrx_word' id='word_1_183' title='bbox 992 1497 1245 1551; x_wconf 79' lang='lat' dir='ltr'>possumus?</span> <span class='ocrx_word' id='word_1_184' title='bbox 1291 1508 1412 1549; x_wconf 91' lang='lat' dir='ltr'>quem</span> <span class='ocrx_word' id='word_1_185' title='bbox 1445 1495 1567 1536; x_wconf 86' lang='lat' dir='ltr'>etiam</span> <span class='ocrx_word' id='word_1_186' title='bbox 1600 1495 1634 1535; x_wconf 89' lang='lat' dir='ltr'>si</span> 
     </span>
     <span class='ocr_line' id='line_1_22' title="bbox 134 1562 1634 1617; baseline -0.003 -11"><span class='ocrx_word' id='word_1_187' title='bbox 134 1565 365 1614; x_wconf 89' lang='lat' dir='ltr'>metuimus,</span> <span class='ocrx_word' id='word_1_188' title='bbox 395 1564 460 1606; x_wconf 91' lang='lat' dir='ltr'>ius</span> <span class='ocrx_word' id='word_1_189' title='bbox 492 1564 617 1605; x_wconf 82' lang='lat' dir='ltr'>officii</span> <span class='ocrx_word' id='word_1_190' title='bbox 651 1564 868 1605; x_wconf 81' lang='lat' dir='ltr'>laedimus.</span> <span class='ocrx_word' id='word_1_191' title='bbox 916 1565 1042 1605; x_wconf 85' lang='lat' dir='ltr'>Recte</span> <span class='ocrx_word' id='word_1_192' title='bbox 1073 1564 1199 1617; x_wconf 84' lang='lat' dir='ltr'>igitur</span> <span class='ocrx_word' id='word_1_193' title='bbox 1224 1563 1403 1603; x_wconf 82' lang='lat' dir='ltr'>maiores</span> <span class='ocrx_word' id='word_1_194' title='bbox 1428 1576 1533 1612; x_wconf 84' lang='lat' dir='ltr'>eum,</span> <span class='ocrx_word' id='word_1_195' title='bbox 1566 1562 1634 1616; x_wconf 90' lang='lat' dir='ltr'>qui</span> 
     </span>
     <span class='ocr_line' id='line_1_23' title="bbox 133 1631 1635 1682; baseline -0.003 -9"><span class='ocrx_word' id='word_1_196' title='bbox 133 1632 291 1674; x_wconf 90' lang='lat' dir='ltr'>socium</span> <span class='ocrx_word' id='word_1_197' title='bbox 324 1632 563 1681; x_wconf 76' lang='lat' dir='ltr'>fefellisset,</span> <span class='ocrx_word' id='word_1_198' title='bbox 606 1632 645 1672; x_wconf 92' lang='lat' dir='ltr'>in</span> <span class='ocrx_word' id='word_1_199' title='bbox 678 1631 857 1673; x_wconf 81' lang='lat' dir='ltr'>virorum</span> <span class='ocrx_word' id='word_1_200' title='bbox 891 1631 1092 1672; x_wconf 85' lang='lat' dir='ltr'>bonorum</span> <span class='ocrx_word' id='word_1_201' title='bbox 1124 1643 1294 1671; x_wconf 86' lang='lat' dir='ltr'>numero</span> <span class='ocrx_word' id='word_1_202' title='bbox 1326 1642 1406 1670; x_wconf 90' lang='lat' dir='ltr'>non</span> <span class='ocrx_word' id='word_1_203' title='bbox 1439 1631 1635 1682; x_wconf 87' lang='lat' dir='ltr'>putarunt</span> 
     </span>
     <span class='ocr_line' id='line_1_24' title="bbox 133 1695 1702 1753; baseline -0.003 -13"><span class='ocrx_word' id='word_1_204' title='bbox 133 1699 279 1740; x_wconf 87' lang='lat' dir='ltr'>haberi</span> <span class='ocrx_word' id='word_1_205' title='bbox 311 1702 515 1753; x_wconf 87' lang='lat' dir='ltr'>oportere.</span> <span class='ocrx_word' id='word_1_206' title='bbox 576 1699 629 1739; x_wconf 82' lang='lat' dir='ltr'>At</span> <span class='ocrx_word' id='word_1_207' title='bbox 658 1711 757 1740; x_wconf 88' lang='lat' dir='ltr'>vero</span> <span class='ocrx_word' id='word_1_208' title='bbox 787 1698 833 1738; x_wconf 90' lang='lat' dir='ltr'>T.</span> <span class='ocrx_word' id='word_1_209' title='bbox 866 1699 1042 1740; x_wconf 86' lang='lat' dir='ltr'>Roscius</span> <span class='ocrx_word' id='word_1_210' title='bbox 1080 1711 1161 1738; x_wconf 90' lang='lat' dir='ltr'>non</span> <span class='ocrx_word' id='word_1_211' title='bbox 1194 1710 1317 1737; x_wconf 91' lang='lat' dir='ltr'>unum</span> <span class='ocrx_word' id='word_1_212' title='bbox 1348 1696 1407 1737; x_wconf 87' lang='lat' dir='ltr'>rei</span> <span class='ocrx_word' id='word_1_213' title='bbox 1438 1695 1632 1749; x_wconf 77' lang='lat' dir='ltr'>pecunia·</span> <span class='ocrx_word' id='word_1_214' title='bbox 1651 1699 1702 1723; x_wconf 75' lang='lat'>117</span> 
     </span>
     <span class='ocr_line' id='line_1_25' title="bbox 134 1762 1633 1818; baseline -0.003 -13"><span class='ocrx_word' id='word_1_215' title='bbox 134 1765 221 1806; x_wconf 87' lang='lat' dir='ltr'>riae</span> <span class='ocrx_word' id='word_1_216' title='bbox 269 1765 424 1806; x_wconf 90' lang='lat' dir='ltr'>socium</span> <span class='ocrx_word' id='word_1_217' title='bbox 470 1764 619 1806; x_wconf 86' lang='lat' dir='ltr'>fefellit</span> <span class='ocrx_word' id='word_1_218' title='bbox 652 1765 779 1818; x_wconf 87' lang='lat' dir='ltr'>(quod</span> <span class='ocrx_word' id='word_1_219' title='bbox 818 1765 981 1806; x_wconf 89' lang='lat' dir='ltr'>tametsi</span> <span class='ocrx_word' id='word_1_220' title='bbox 1022 1777 1152 1818; x_wconf 83' lang='lat' dir='ltr'>grave</span> <span class='ocrx_word' id='word_1_221' title='bbox 1193 1768 1276 1814; x_wconf 89' lang='lat' dir='ltr'>est,</span> <span class='ocrx_word' id='word_1_222' title='bbox 1322 1767 1461 1803; x_wconf 89' lang='lat' dir='ltr'>tamen</span> <span class='ocrx_word' id='word_1_223' title='bbox 1495 1762 1633 1814; x_wconf 88' lang='lat' dir='ltr'>aliquo</span> 
     </span>
     <span class='ocr_line' id='line_1_26' title="bbox 132 1827 1634 1885; baseline -0.003 -13"><span class='ocrx_word' id='word_1_224' title='bbox 132 1831 256 1872; x_wconf 90' lang='lat' dir='ltr'>modo</span> <span class='ocrx_word' id='word_1_225' title='bbox 287 1844 412 1885; x_wconf 87' lang='lat' dir='ltr'>posse</span> <span class='ocrx_word' id='word_1_226' title='bbox 443 1831 541 1872; x_wconf 84' lang='lat' dir='ltr'>ferri</span> <span class='ocrx_word' id='word_1_227' title='bbox 571 1831 772 1883; x_wconf 88' lang='lat' dir='ltr'>videtur),</span> <span class='ocrx_word' id='word_1_228' title='bbox 817 1845 958 1873; x_wconf 85' lang='lat' dir='ltr'>verum</span> <span class='ocrx_word' id='word_1_229' title='bbox 989 1844 1138 1872; x_wconf 79' lang='lat' dir='ltr'>novem</span> <span class='ocrx_word' id='word_1_230' title='bbox 1169 1829 1358 1871; x_wconf 91' lang='lat' dir='ltr'>homines</span> <span class='ocrx_word' id='word_1_231' title='bbox 1391 1827 1634 1869; x_wconf 84' lang='lat' dir='ltr'>honestissi-</span> 
     </span>
     <span class='ocr_line' id='line_1_27' title="bbox 133 1896 1633 1955; baseline -0.003 -16"><span class='ocrx_word' id='word_1_232' title='bbox 133 1911 235 1951; x_wconf 89' lang='lat' dir='ltr'>mos,</span> <span class='ocrx_word' id='word_1_233' title='bbox 268 1898 452 1939; x_wconf 88' lang='lat' dir='ltr'>eiusdem</span> <span class='ocrx_word' id='word_1_234' title='bbox 486 1899 680 1951; x_wconf 86' lang='lat' dir='ltr'>muneris,</span> <span class='ocrx_word' id='word_1_235' title='bbox 714 1897 970 1955; x_wconf 84' lang='lat' dir='ltr'>[legationis]</span> <span class='ocrx_word' id='word_1_236' title='bbox 1004 1897 1129 1939; x_wconf 82' lang='lat' dir='ltr'>officii</span> <span class='ocrx_word' id='word_1_237' title='bbox 1161 1896 1534 1948; x_wconf 84' lang='lat' dir='ltr'>mandatorumque</span> <span class='ocrx_word' id='word_1_238' title='bbox 1570 1908 1633 1936; x_wconf 88' lang='lat' dir='ltr'>so·</span> 
     </span>
     <span class='ocr_line' id='line_1_28' title="bbox 134 1961 1635 2018; baseline -0.003 -12"><span class='ocrx_word' id='word_1_239' title='bbox 134 1965 241 2015; x_wconf 90' lang='lat' dir='ltr'>cios,</span> <span class='ocrx_word' id='word_1_240' title='bbox 287 1965 472 2016; x_wconf 78' lang='lat' dir='ltr'>induxit,</span> <span class='ocrx_word' id='word_1_241' title='bbox 517 1964 701 2018; x_wconf 84' lang='lat' dir='ltr'>decepit,</span> <span class='ocrx_word' id='word_1_242' title='bbox 749 1965 952 2015; x_wconf 85' lang='lat' dir='ltr'>destituit,</span> <span class='ocrx_word' id='word_1_243' title='bbox 999 1963 1254 2005; x_wconf 86' lang='lat' dir='ltr'>adversariis</span> <span class='ocrx_word' id='word_1_244' title='bbox 1287 1962 1478 2014; x_wconf 83' lang='lat' dir='ltr'>tradidit,</span> <span class='ocrx_word' id='word_1_245' title='bbox 1524 1961 1635 2003; x_wconf 91' lang='lat' dir='ltr'>omni</span> 
     </span>
     <span class='ocr_line' id='line_1_29' title="bbox 134 2028 1634 2084; baseline -0.003 -12"><span class='ocrx_word' id='word_1_246' title='bbox 134 2031 281 2073; x_wconf 88' lang='lat' dir='ltr'>fraude</span> <span class='ocrx_word' id='word_1_247' title='bbox 312 2035 351 2072; x_wconf 89' lang='lat' dir='ltr'>et</span> <span class='ocrx_word' id='word_1_248' title='bbox 379 2030 556 2084; x_wconf 85' lang='lat' dir='ltr'>perfidia</span> <span class='ocrx_word' id='word_1_249' title='bbox 595 2031 763 2082; x_wconf 71' lang='lat' dir='ltr'>fefellit,</span> <span class='ocrx_word' id='word_1_250' title='bbox 803 2032 872 2083; x_wconf 90' lang='lat' dir='ltr'>qui</span> <span class='ocrx_word' id='word_1_251' title='bbox 903 2030 952 2071; x_wconf 86' lang='lat' dir='ltr'>de</span> <span class='ocrx_word' id='word_1_252' title='bbox 985 2030 1072 2071; x_wconf 90' lang='lat' dir='ltr'>eius</span> <span class='ocrx_word' id='word_1_253' title='bbox 1104 2031 1262 2072; x_wconf 87' lang='lat' dir='ltr'>scelere</span> <span class='ocrx_word' id='word_1_254' title='bbox 1294 2028 1500 2082; x_wconf 89' lang='lat' dir='ltr'>suspicari</span> <span class='ocrx_word' id='word_1_255' title='bbox 1531 2028 1634 2068; x_wconf 89' lang='lat' dir='ltr'>nihil</span> 
     </span>
     <span class='ocr_line' id='line_1_30' title="bbox 132 2095 1633 2152; baseline -0.004 -12"><span class='ocrx_word' id='word_1_256' title='bbox 132 2101 366 2152; x_wconf 86' lang='lat' dir='ltr'>potuerunt,</span> <span class='ocrx_word' id='word_1_257' title='bbox 397 2097 555 2138; x_wconf 89' lang='lat' dir='ltr'>socium</span> <span class='ocrx_word' id='word_1_258' title='bbox 587 2097 712 2139; x_wconf 82' lang='lat' dir='ltr'>officii</span> <span class='ocrx_word' id='word_1_259' title='bbox 737 2102 920 2138; x_wconf 83' lang='lat' dir='ltr'>metuere</span> <span class='ocrx_word' id='word_1_260' title='bbox 943 2110 1024 2138; x_wconf 91' lang='lat' dir='ltr'>non</span> <span class='ocrx_word' id='word_1_261' title='bbox 1050 2096 1292 2147; x_wconf 87' lang='lat' dir='ltr'>debuerunt,</span> <span class='ocrx_word' id='word_1_262' title='bbox 1326 2095 1413 2136; x_wconf 90' lang='lat' dir='ltr'>eius</span> <span class='ocrx_word' id='word_1_263' title='bbox 1432 2095 1633 2135; x_wconf 87' lang='lat' dir='ltr'>malitiam</span> 
     </span>
     <span class='ocr_line' id='line_1_31' title="bbox 133 2161 1634 2215; baseline -0.003 -9"><span class='ocrx_word' id='word_1_264' title='bbox 133 2178 215 2206; x_wconf 90' lang='lat' dir='ltr'>non</span> <span class='ocrx_word' id='word_1_265' title='bbox 246 2163 462 2215; x_wconf 88' lang='lat' dir='ltr'>viderunt,</span> <span class='ocrx_word' id='word_1_266' title='bbox 508 2163 684 2204; x_wconf 86' lang='lat' dir='ltr'>orationi</span> <span class='ocrx_word' id='word_1_267' title='bbox 726 2176 860 2205; x_wconf 88' lang='lat' dir='ltr'>vanae</span> <span class='ocrx_word' id='word_1_268' title='bbox 907 2163 1181 2205; x_wconf 87' lang='lat' dir='ltr'>crediderunt.</span> <span class='ocrx_word' id='word_1_269' title='bbox 1243 2162 1388 2214; x_wconf 89' lang='lat' dir='ltr'>ltaque</span> <span class='ocrx_word' id='word_1_270' title='bbox 1428 2174 1535 2202; x_wconf 91' lang='lat' dir='ltr'>nunc</span> <span class='ocrx_word' id='word_1_271' title='bbox 1575 2161 1634 2201; x_wconf 92' lang='lat' dir='ltr'>illi</span> 
     </span>
     <span class='ocr_line' id='line_1_32' title="bbox 132 2229 1635 2284; baseline -0.002 -13"><span class='ocrx_word' id='word_1_272' title='bbox 132 2231 322 2272; x_wconf 90' lang='lat' dir='ltr'>homines</span> <span class='ocrx_word' id='word_1_273' title='bbox 352 2230 636 2272; x_wconf 84' lang='lat' dir='ltr'>honestissimi</span> <span class='ocrx_word' id='word_1_274' title='bbox 677 2234 846 2284; x_wconf 88' lang='lat' dir='ltr'>propter</span> <span class='ocrx_word' id='word_1_275' title='bbox 890 2230 1009 2271; x_wconf 91' lang='lat' dir='ltr'>istius</span> <span class='ocrx_word' id='word_1_276' title='bbox 1046 2229 1222 2270; x_wconf 89' lang='lat' dir='ltr'>insidias</span> <span class='ocrx_word' id='word_1_277' title='bbox 1263 2241 1409 2283; x_wconf 87' lang='lat' dir='ltr'>parum</span> <span class='ocrx_word' id='word_1_278' title='bbox 1439 2232 1635 2282; x_wconf 87' lang='lat' dir='ltr'>putantur</span> 
     </span>
     <span class='ocr_line' id='line_1_33' title="bbox 134 2294 1634 2351; baseline -0.002 -14"><span class='ocrx_word' id='word_1_279' title='bbox 134 2297 243 2338; x_wconf 89' lang='lat' dir='ltr'>cauti</span> <span class='ocrx_word' id='word_1_280' title='bbox 276 2296 521 2350; x_wconf 85' lang='lat' dir='ltr'>providique</span> <span class='ocrx_word' id='word_1_281' title='bbox 554 2295 704 2347; x_wconf 74' lang='lat' dir='ltr'>fuisse,</span> <span class='ocrx_word' id='word_1_282' title='bbox 748 2297 845 2347; x_wconf 85' lang='lat' dir='ltr'>iste,</span> <span class='ocrx_word' id='word_1_283' title='bbox 889 2296 957 2351; x_wconf 89' lang='lat' dir='ltr'>qui</span> <span class='ocrx_word' id='word_1_284' title='bbox 988 2297 1104 2338; x_wconf 91' lang='lat' dir='ltr'>initio</span> <span class='ocrx_word' id='word_1_285' title='bbox 1137 2295 1323 2350; x_wconf 83' lang='lat' dir='ltr'>proditor</span> <span class='ocrx_word' id='word_1_286' title='bbox 1355 2294 1451 2347; x_wconf 89' lang='lat' dir='ltr'>fuit,</span> <span class='ocrx_word' id='word_1_287' title='bbox 1484 2294 1634 2335; x_wconf 85' lang='lat' dir='ltr'>deinde</span> 
     </span>
     <span class='ocr_line' id='line_1_34' title="bbox 133 2360 1633 2417; baseline -0.003 -12"><span class='ocrx_word' id='word_1_288' title='bbox 133 2363 328 2417; x_wconf 85' lang='lat' dir='ltr'>perfuga,</span> <span class='ocrx_word' id='word_1_289' title='bbox 374 2362 441 2415; x_wconf 90' lang='lat' dir='ltr'>qui</span> <span class='ocrx_word' id='word_1_290' title='bbox 476 2362 608 2416; x_wconf 87' lang='lat' dir='ltr'>primo</span> <span class='ocrx_word' id='word_1_291' title='bbox 641 2364 845 2405; x_wconf 90' lang='lat' dir='ltr'>sociorum</span> <span class='ocrx_word' id='word_1_292' title='bbox 879 2363 1055 2405; x_wconf 87' lang='lat' dir='ltr'>consilia</span> <span class='ocrx_word' id='word_1_293' title='bbox 1096 2361 1350 2404; x_wconf 86' lang='lat' dir='ltr'>adversariis</span> <span class='ocrx_word' id='word_1_294' title='bbox 1392 2360 1633 2412; x_wconf 88' lang='lat' dir='ltr'>enuntiavit,</span> 
     </span>
     <span class='ocr_line' id='line_1_35' title="bbox 134 2427 1633 2484; baseline -0.002 -14"><span class='ocrx_word' id='word_1_295' title='bbox 134 2429 284 2471; x_wconf 87' lang='lat' dir='ltr'>deinde</span> <span class='ocrx_word' id='word_1_296' title='bbox 316 2428 560 2470; x_wconf 86' lang='lat' dir='ltr'>societatem</span> <span class='ocrx_word' id='word_1_297' title='bbox 585 2443 675 2471; x_wconf 88' lang='lat' dir='ltr'>cum</span> <span class='ocrx_word' id='word_1_298' title='bbox 707 2430 811 2484; x_wconf 88' lang='lat' dir='ltr'>ipsis</span> <span class='ocrx_word' id='word_1_299' title='bbox 842 2428 1100 2471; x_wconf 88' lang='lat' dir='ltr'>adversariis</span> <span class='ocrx_word' id='word_1_300' title='bbox 1124 2428 1234 2480; x_wconf 90' lang='lat' dir='ltr'>coiit,</span> <span class='ocrx_word' id='word_1_301' title='bbox 1266 2431 1391 2468; x_wconf 85' lang='lat' dir='ltr'>terret</span> <span class='ocrx_word' id='word_1_302' title='bbox 1413 2427 1537 2468; x_wconf 86' lang='lat' dir='ltr'>etiam</span> <span class='ocrx_word' id='word_1_303' title='bbox 1558 2440 1633 2467; x_wconf 90' lang='lat' dir='ltr'>nos</span> 
     </span>
     <span class='ocr_line' id='line_1_36' title="bbox 131 2494 1632 2550; baseline -0.003 -13"><span class='ocrx_word' id='word_1_304' title='bbox 131 2509 181 2537; x_wconf 89' lang='lat' dir='ltr'>ac</span> <span class='ocrx_word' id='word_1_305' title='bbox 212 2496 390 2536; x_wconf 84' lang='lat' dir='ltr'>minatur</span> <span class='ocrx_word' id='word_1_306' title='bbox 420 2495 551 2536; x_wconf 87' lang='lat' dir='ltr'>tribus</span> <span class='ocrx_word' id='word_1_307' title='bbox 583 2496 780 2548; x_wconf 90' lang='lat' dir='ltr'>praediis,</span> <span class='ocrx_word' id='word_1_308' title='bbox 813 2497 892 2538; x_wconf 92' lang='lat' dir='ltr'>hoc</span> <span class='ocrx_word' id='word_1_309' title='bbox 916 2501 978 2537; x_wconf 89' lang='lat' dir='ltr'>est</span> <span class='ocrx_word' id='word_1_310' title='bbox 1009 2495 1206 2550; x_wconf 86' lang='lat' dir='ltr'>praemiis</span> <span class='ocrx_word' id='word_1_311' title='bbox 1231 2494 1417 2546; x_wconf 87' lang='lat' dir='ltr'>sceleris,</span> <span class='ocrx_word' id='word_1_312' title='bbox 1450 2497 1632 2534; x_wconf 84' lang='lat' dir='ltr'>ornatus.</span> 
     </span>
    </p>
   </div>
   <div class='ocr_carea' id='block_1_3' title="bbox 137 2575 686 2581">
    <p class='ocr_par' dir='ltr' id='par_1_5' title="bbox 137 2575 686 2581">
     <span class='ocr_line' id='line_1_37' title="bbox 137 2575 686 2581; baseline 0 0"><span class='ocrx_word' id='word_1_313' title='bbox 137 2575 686 2581; x_wconf 95' lang='lat' dir='ltr'> </span> 
     </span>
    </p>
   </div>
   <div class='ocr_carea' id='block_1_4' title="bbox 134 2596 1632 2876">
    <p class='ocr_par' dir='ltr' id='par_1_6' title="bbox 230 2596 467 2631">
     <span class='ocr_line' id='line_1_38' title="bbox 230 2596 467 2631; baseline 0.004 -1"><span class='ocrx_word' id='word_1_314' title='bbox 230 2596 372 2631; x_wconf 71' lang='lat' dir='ltr'>Testim.</span> <span class='ocrx_word' id='word_1_315' title='bbox 400 2600 467 2631; x_wconf 76' lang='lat' dir='ltr'>vet.</span> 
     </span>
    </p>

    <p class='ocr_par' dir='ltr' id='par_1_7' title="bbox 228 2654 489 2691">
     <span class='ocr_line' id='line_1_39' title="bbox 228 2654 489 2691; baseline 0.008 -2"><span class='ocrx_word' id='word_1_316' title='bbox 228 2655 346 2690; x_wconf 75' lang='lat' dir='ltr'>Schol.</span> <span class='ocrx_word' id='word_1_317' title='bbox 378 2654 489 2691; x_wconf 81' lang='lat' dir='ltr'>Gron.</span> 
     </span>
    </p>

    <p class='ocr_par' dir='ltr' id='par_1_8' title="bbox 134 2710 1632 2807">
     <span class='ocr_line' id='line_1_40' title="bbox 227 2710 1632 2757; baseline -0.001 -10"><span class='ocrx_word' id='word_1_318' title='bbox 227 2714 321 2757; x_wconf 86' lang='lat' dir='ltr'>Kap.</span> <span class='ocrx_word' id='word_1_319' title='bbox 350 2713 505 2748; x_wconf 86' lang='lat' dir='ltr'>XXXIX</span> <span class='ocrx_word' id='word_1_320' title='bbox 534 2717 563 2756; x_wconf 65' lang='grc' dir='ltr'>ξ.</span> <span class='ocrx_word' id='word_1_321' title='bbox 586 2715 659 2749; x_wconf 77' lang='grc'>114.</span> <span class='ocrx_word' id='word_1_322' title='bbox 688 2715 942 2748; x_wconf 86' lang='lat' dir='ltr'>Damnatus</span> <span class='ocrx_word' id='word_1_323' title='bbox 970 2724 1047 2757; x_wconf 87' lang='lat' dir='ltr'>per</span> <span class='ocrx_word' id='word_1_324' title='bbox 1073 2711 1317 2755; x_wconf 84' lang='lat' dir='ltr'>arbitrum]</span> <span class='ocrx_word' id='word_1_325' title='bbox 1350 2711 1387 2745; x_wconf 85' lang='lat' dir='ltr'>Id</span> <span class='ocrx_word' id='word_1_326' title='bbox 1417 2715 1472 2746; x_wconf 84' lang='lat' dir='ltr'>cst</span> <span class='ocrx_word' id='word_1_327' title='bbox 1498 2710 1632 2745; x_wconf 85' lang='lat' dir='ltr'>iudicio</span> 
     </span>
     <span class='ocr_line' id='line_1_41' title="bbox 134 2783 304 2807; baseline -0.012 0"><span class='ocrx_word' id='word_1_328' title='bbox 134 2783 304 2807; x_wconf 80' lang='lat' dir='ltr'>omnium.</span> 
     </span>
    </p>

    <p class='ocr_par' dir='ltr' id='par_1_9' title="bbox 229 2830 974 2876">
     <span class='ocr_line' id='line_1_42' title="bbox 229 2830 974 2876; baseline -0.001 -10"><span class='ocrx_word' id='word_1_329' title='bbox 229 2834 246 2873; x_wconf 67' lang='grc' dir='ltr'>ξ</span> <span class='ocrx_word' id='word_1_330' title='bbox 278 2832 354 2867; x_wconf 71' lang='lat'>115.</span> <span class='ocrx_word' id='word_1_331' title='bbox 405 2830 665 2876; x_wconf 85' lang='lat' dir='ltr'>Tantidem]</span> <span class='ocrx_word' id='word_1_332' title='bbox 696 2831 736 2865; x_wconf 87' lang='lat' dir='ltr'>Id</span> <span class='ocrx_word' id='word_1_333' title='bbox 763 2836 837 2875; x_wconf 86' lang='lat' dir='ltr'>est,</span> <span class='ocrx_word' id='word_1_334' title='bbox 864 2830 974 2865; x_wconf 88' lang='lat' dir='ltr'>nulla.</span> 
     </span>
    </p>
   </div>
  </div>
 </body>
</html>
