1945 3073
255 127 326 169 192
834 129 982 172 Kapitel
1010 130 1058 164 XI
1087 134 1106 172 g
1133 132 1188 167 30.

246 235 268 287 ἓ
303 238 318 273 1
355 235 536 273 dolebam
577 236 725 274 iudices
764 244 801 274 et
839 237 978 274 acerbe
1019 237 1218 286 ferebam,
1264 238 1293 273 si
1325 236 1441 273 huius
1473 236 1579 273 salus
1610 235 1658 272 ob
1690 249 1775 273 eam

244 302 368 352 ipsam
399 316 555 340 causam
587 310 687 340 esset
718 304 962 341 infestior
993 311 1085 352 οἵας
1118 304 1197 353 vgl.
1216 304 1315 340 noch
1339 303 1437 340 Rab.
1458 304 1509 341 10
1525 302 1592 353 qui
1606 310 1776 339 vestram

243 368 464 406 libertatem
494 384 572 407 non
604 369 818 407 acerbitate
857 370 1139 420 suppliciorum
1179 370 1411 407 infestam
1443 403 1449 409 .
1486 398 1492 405 .
1527 382 1611 406 esse
1641 368 1775 405 volue-

243 442 352 485 runt,
396 449 505 486 prov.
548 449 649 473 cons.
681 438 706 473 4
736 442 777 473 ut
803 437 867 472 via
906 437 973 472 illa
1018 445 1151 473 nostra
1189 436 1487 474 excursionibus
1519 435 1776 473 barbarorum

243 502 292 538 sit
323 502 533 549 infesta3
576 502 747 552 Philipp.
781 502 877 549 XH,
910 503 961 539 25
992 503 1121 539 itineri
1153 510 1231 540 tam
1266 503 1454 539 infesto
1487 510 1645 552 tamque
1675 501 1776 551 peri-

244 568 397 616 culosog
443 568 551 606 Cael.
590 568 614 618 ξ
649 570 698 606 10
738 567 836 604 illud
875 575 1048 618 tempus,
1095 569 1199 619 quod
1238 569 1403 606 aliorum
1450 568 1667 605 libidine
1706 568 1774 604 iu-

243 635 429 672 festum
462 642 539 682 est3
574 634 658 671 Liv.
691 637 753 683 24,
787 636 822 680 8,
856 636 928 681 163
964 635 1027 682 26,
1058 637 1122 682 46,
1157 637 1190 674 1.
1228 658 1267 662 *-
1314 635 1436 675 abesse
1467 632 1615 687 Videtur]
1651 633 1775 670 Eber-

242 700 338 737 hard
369 701 457 739 lect.
490 714 526 751 p.
559 702 582 738 8
623 700 854 749 ,hexametri
895 701 1112 738 clausulam
1139 715 1187 738 ne
1225 703 1263 738 in
1297 710 1470 738 extremo
1501 700 1659 752 quidem
1691 713 1776 737 ora—

244 768 358 805 tionis
401 767 575 804 membro
614 765 842 803 Ciceronem
885 774 962 803 tam
1007 768 1124 803 anxie
1167 768 1332 814 vitasse,
1381 774 1423 804 ut
1462 767 1698 803 indicativus
1738 767 1776 802 in

242 835 342 871 coni.
376 833 661 880 videantur,
709 833 776 884 qui
815 832 973 883 quidem
1019 833 1261 884 frequentior
1308 834 1346 869 in
1383 833 1452 870 tali
1482 846 1523 870 re
1554 832 1776 878 adhibetur,

244 899 452 936 mutandus
483 900 552 948 sit,
599 907 687 950 post
718 898 976 936 Garatonium
1008 899 1210 936 Heindorf
1249 900 1297 937 ad
1340 900 1366 936 l.
1400 899 1447 936 de
1478 913 1514 938 n.
1547 898 1583 937 d.
1614 912 1652 948 p.
1686 900 1774 945 114,

242 966 381 1016 Zumpt
412 965 460 1002 ad
494 966 605 1003 Verr.
645 980 680 1016 p.
716 968 789 1014 66,
836 965 1000 1015 Madvig
1038 966 1086 1002 ad
1126 965 1150 1003 l.
1184 965 1231 1002 de
1261 966 1326 1002 fin.
1360 980 1397 1016 p.
1426 967 1506 1003 485
1541 964 1775 1001 observave-

240 1039 342 1069 runt.
389 1032 510 1068 Velut
540 1033 578 1069 in
610 1032 682 1069 hac
714 1033 889 1069 oratione
920 1032 1105 1082 leguntur
1137 1033 1183 1070 71
1216 1045 1345 1069 nonne
1376 1031 1579 1079 videntur,
1612 1031 1688 1068 128
1717 1044 1775 1067 re.-

241 1099 403 1136 cessisse
432 1098 599 1135 videtur.
661 1099 772 1135 Verr.
806 1098 879 1144 IV,
920 1101 970 1137 47
1011 1100 1138 1148 egisse
1177 1098 1350 1146 videtur,
1397 1101 1444 1136 71
1480 1098 1599 1134 fuisse
1631 1097 1776 1147 putatis

240 1166 341 1202 cett‘.
362 1187 410 1191 —
443 1163 518 1204 aliis
538 1163 698 1219 nefariis]
732 1166 827 1202 Zum
851 1165 1210 1202 substantivischeu
1231 1163 1443 1201 Gebrauch
1467 1177 1542 1200 von
1574 1163 1777 1200 nefaria

241 1230 319 1280 vgl.
348 1231 539 1280 Nagelsb.
567 1231 654 1270 Stil.
675 1231 689 1253 7
720 1246 757 1282 p.
781 1233 853 1280 843
886 1232 985 1268 noch
1012 1232 1121 1269 Verr.
1150 1231 1203 1268 IV
1237 1231 1260 1278 ξ
1281 1232 1334 1268 60
1365 1231 1531 1267 omnia
1560 1229 1776 1274 nefaria,

241 1297 354 1336 Offie.
392 1298 423 1332 ll
460 1297 484 1346 ξ
516 1299 565 1335 28
597 1298 754 1334 multa
785 1298 1004 1343 nefaria,
1049 1299 1099 1334 im
1131 1297 1317 1347 Singular
1350 1297 1435 1333 Liv.
1469 1298 1505 1344 9,
1541 1298 1605 1345 34,
1640 1298 1687 1334 19
1720 1310 1775 1333 eo

238 1363 448 1401 nefario.
510 1363 681 1401 Unserer
712 1364 835 1401 Stelle
880 1364 1037 1401 {ilinlich
1085 1366 1131 1400 ist
1172 1363 1288 1400 Catil.
1330 1363 1358 1408 Ι,
1392 1365 1441 1400 14
1488 1375 1617 1400 nonne
1659 1363 1775 1399 etiam

237 1430 315 1467 alio
346 1430 571 1467 incredibili
603 1430 749 1467 scelere
781 1430 854 1468 hoc
880 1431 1006 1469 scelus
1038 1428 1277 1467 cumulasti?
1316 1453 1353 1456 -
1406 1426 1597 1482 adaugent]
1631 1428 1675 1465 In
1707 1427 1776 1465 der

237 1502 332 1535 rom.
374 1496 668 1547 Volkssprache
714 1496 845 1534 finden
892 1498 959 1533 wir
1005 1497 1227 1535 zahlreiche
1267 1496 1420 1543 Verba,
1479 1495 1542 1532 die
1585 1496 1654 1532 mit
1699 1495 1775 1532 den

236 1562 540 1612 Prapositionen
572 1576 684 1610 con,
724 1562 800 1611 ad,
841 1562 893 1599 de
925 1570 1321 1612 zusaminengesetzt,
1371 1562 1466 1599 aber
1496 1563 1535 1598 in
1567 1561 1670 1598 ihrer
1701 1561 1774 1598 Be-

237 1628 414 1678 deutung
448 1628 644 1665 durchaus
688 1629 794 1666 nicht
835 1642 923 1666 vom
955 1629 1133 1679 Simplex
1171 1629 1429 1667 verschieden
1458 1627 1567 1675 sind,
1612 1641 1654 1664 so
1685 1627 1775 1664 dass

239 1696 276 1731 iu
324 1695 443 1732 ihnen
489 1695 552 1732 die
582 1695 701 1732 Kraft
745 1695 813 1733 der
853 1695 1103 1745 Praposition
1150 1696 1272 1745 vijllig
1312 1695 1514 1733 erloschen
1554 1694 1614 1732 ist.
1674 1693 1776 1730 Eine

238 1761 370 1799 reiche
401 1761 634 1811 Sammlung
665 1761 785 1798 bietet
817 1761 969 1798 Lorenz
1001 1762 1041 1798 in
1074 1761 1142 1799 der
1174 1762 1407 1811 Einleituug
1438 1774 1525 1797 zum
1552 1759 1774 1797 pseudulus

238 1829 354 1864 Anm.
387 1828 450 1865 36.
511 1828 586 1864 Die
619 1841 687 1864 aus
719 1826 877 1877 Cicero,
910 1827 992 1864 bes.
1025 1829 1061 1864 in
1095 1828 1169 1865 den
1202 1827 1381 1874 Briefen‚
1417 1826 1775 1876 hiehergehiirigen

238 1893 372 1930 Verba
410 1893 513 1930 habe
558 1894 621 1930 ich
665 1894 895 1943 gesammelt
936 1896 974 1930 in
1007 1895 1158 1931 meinen
1192 1894 1497 1944 Bemerkungen
1528 1907 1615 1929 zum
1648 1905 1774 1930 sermo

239 1959 354 1998 cotid.
386 1960 425 1996 in
458 1959 534 1997 den
564 1960 724 1998 Briefen
756 1960 870 1997 Cic.'s
901 1975 935 2011 p.
969 1961 1060 1998 321.
1121 1961 1164 1997 In
1196 1974 1357 1998 unserer
1387 1960 1499 1997 Rede
1529 1959 1666 1996 treffen
1706 1959 1775 1995 wir

239 2027 333 2063 zwei
365 2025 562 2076 derartige
594 2026 745 2073 Verba,
794 2027 963 2064 namlich
1005 2027 1262 2077 adaugere
1301 2041 1335 2063 a.
1369 2040 1403 2065 u.
1436 2026 1492 2063 St.
1538 2025 1618 2062 und
1660 2039 1773 2063 con-

241 2091 447 2129 credere
486 2093 510 2142 ξ
545 2094 635 2132 113.
695 2094 770 2130 Die
813 2092 962 2130 Stellen
1006 2093 1069 2130 fiir
1116 2093 1370 2143 adaugere
1417 2092 1516 2143 (und
1556 2089 1774 2148 exaugere)

240 2171 309 2194 aus
340 2157 505 2195 Plautus
550 2159 628 2196 und
661 2160 814 2196 Terenz
862 2159 1002 2196 zahlen
1048 2160 1118 2196 auf
1153 2159 1306 2197 Kahler
1355 2159 1378 2195 l.
1419 2159 1445 2197 ].
1491 2172 1527 2208 p.
1569 2159 1649 2195 382
1694 2157 1772 2194 und

240 2223 477 2261 Thielmann
518 2223 667 2262 Cornif.
714 2239 750 2274 p.
783 2228 817 2263 7.
878 2224 1016 2263 Cicero
1065 2227 1215 2263 scheint
1263 2239 1331 2262 aus
1378 2225 1446 2262 der
1485 2223 1658 2261 Lekt'ure,
1706 2222 1774 2259 des

240 2290 470 2327 Cornificius
504 2291 585 2327 sich
616 2290 867 2340 adaugere
898 2293 1135 2341 angeeignet
1167 2306 1214 2328 zu
1246 2292 1387 2339 haben,
1420 2289 1604 2327 wahrend
1635 2303 1675 2326 er
1705 2290 1774 2326 das

241 2356 303 2393 bei
335 2356 665 2394 ebendemselben
707 2357 1015 2395 vorkommende
1051 2371 1311 2407 exaugere
1348 2356 1631 2394 verschmahte.
1691 2355 1774 2392 Das

240 2422 413 2459 Medium
445 2422 506 2458 fur
539 2421 614 2459 den
646 2422 891 2472 Uebergang
921 2437 990 2460 aus
1023 2423 1170 2462 Cornif.
1211 2425 1248 2459 in
1289 2422 1351 2459 die
1382 2422 1645 2460 ciceronische
1675 2421 1773 2458 Dik-

241 2490 321 2526 tiou
354 2488 479 2525 bildet
508 2488 607 2525 auch
639 2488 722 2525 hier
753 2488 815 2525 die
835 2488 983 2526 Sclirift
1014 2489 1061 2526 de
1084 2491 1323 2527 inventione.
1374 2489 1577 2525 Naehdem
1609 2501 1649 2525 er
1680 2487 1774 2525 aber

241 2554 409 2604 adaug
425 2568 505 2591 ere
528 2557 566 2591 in
593 2554 721 2591 dieser
740 2554 886 2591 schrift
907 2555 1011 2592 4nial
1033 2555 1273 2604 gebrauchte
1294 2555 1343 2607 (l,
1364 2557 1399 2592 4.
1423 2555 1473 2603 ΙΙ,
1495 2555 1558 2592 55.
1580 2556 1642 2593 75.
1664 2553 1773 2604 101),

240 2620 361 2657 findet
399 2634 439 2657 es
470 2620 552 2657 sich
584 2621 620 2656 in
653 2620 757 2657 allen
788 2621 922 2657 seinen
952 2621 1120 2670 iibrigen
1141 2621 1315 2658 lVerken
1341 2634 1414 2657 nur
1444 2620 1570 2667 31nal,
1602 2620 1772 2657 namlich

240 2687 284 2724 R.
306 2686 356 2723 A.
383 2687 407 2736 ξ
431 2687 495 2733 30,
527 2693 615 2736 post
643 2687 725 2723 red.
759 2688 796 2723 in
823 2700 903 2723 sen.
929 2687 992 2732 36,
1023 2686 1147 2724 Acad.
1167 2695 1273 2737 post.
1306 2687 1336 2735 I,
1361 2688 1396 2734 ὃ,
1419 2689 1482 2726 21.
1515 2687 1602 2724 Von
1623 2687 1773 2724 andern

241 2752 548 2789 Schriftstellern
580 2753 675 2789 wird
706 2766 746 2790 es
777 2752 968 2789 ebenfalls
1000 2766 1072 2788 nur
1103 2753 1317 2789 vereinzelt
1347 2753 1585 2802 gebraucht,
1625 2767 1666 2789 so
1697 2766 1773 2789 von

242 2820 390 2855 Caesar
421 2818 458 2854 b.
491 2819 564 2855 ciV.
597 2819 633 2867 3,
665 2820 738 2867 583
778 2827 878 2855 auct.
912 2819 948 2856 b.
980 2819 1096 2856 Alex.
1130 2822 1192 2866 12,
1224 2825 1324 2857 auct.
1356 2818 1393 2854 b.
1427 2820 1510 2855 Afr.
1543 2823 1577 2867 1,
1611 2823 1655 2869 53
1686 2819 1772 2856 Liv.

244 2885 307 2931 10,
339 2885 404 2933 23,
436 2886 479 2933 63
514 2884 716 2922 Vitruvius
748 2885 873 2924 6mal.
902 2911 949 2915 -
981 2885 1129 2937 pecunia
1159 2883 1376 2937 comparant]
1411 2884 1492 2922 Cic.
1524 2899 1594 2936 pro
1619 2884 1772 2923 Clueut.
