1820 3068
190 30 269 70 [14
606 30 808 66 Kritischer
833 31 994 75 Anhang
1021 34 1039 72 ξ
1072 32 1268 67 130-135.

189 140 360 182 derbten
393 143 581 194 partim
613 142 678 184 ein
703 142 958 184 Adverbium
990 142 1063 182 der
1093 143 1169 182 Art
1196 141 1279 183 und
1310 141 1449 183 Weise
1479 155 1528 183 zu
1559 155 1682 183 com-

188 207 394 249 misisse
439 208 607 261 stecke,
655 209 755 249 aber
793 209 907 249 nieht
947 208 1144 259 furtim,
1193 209 1268 248 das
1316 209 1450 249 neben
1493 209 1681 262 impru-

188 272 340 314 dente
387 280 517 316 etwas
557 275 809 327 iiberfliissig
853 274 1086 325 erscheint,
1132 274 1311 315 sondern
1354 274 1509 328 impie
1558 274 1683 324 (oder

187 338 453 392 improbe?
486 342 567 394 vgl.
599 343 624 391 ἕ
657 342 756 392 104)
808 340 886 381 wie
917 343 941 390 ξ
972 340 1024 382 67
1057 340 1124 392 qui
1159 340 1314 392 aliquid
1363 340 1522 393 impie
1553 341 1681 381 scele-

187 410 357 459 rateque
404 407 775 447 commiserunt
823 406 906 447 und
952 406 1040 447 bes.
1084 406 1196 446 Verr.
1229 406 1317 452 1,ss
1361 407 1524 447 multa
1574 407 1682 447 enim

186 477 225 512 et
256 473 295 512 in
327 473 514 514 homines
561 473 717 525 impie
764 472 1007 524 nefarieque
1055 472 1344 513 commisit.
1404 472 1488 512 Der
1518 472 1682 524 gleic'nc

186 538 358 591 Anfang
388 552 467 579 von
498 539 658 592 impie
699 552 773 579 vor
803 538 896 579 dem
928 538 1153 590 folgenden
1200 538 1493 592 imprudente
1526 538 1683 579 erklart

186 604 311 645 leieht
342 605 408 646 die
440 605 757 658 Veranlassung
787 604 860 645 der
893 604 1157 645 Verderbnis.

294 673 319 722 ἓ
352 672 440 712 131.
485 671 604 723 quid
645 667 889 711 miramur
920 671 1078 711 Sullam
1110 675 1214 721 etc.,
1259 670 1468 711 iudices
1508 670 1580 710 hat
1611 669 1685 711 der

184 736 313 777 schol.
348 737 418 777 Gr.
450 738 556 778 nach
590 738 799 788 miramur,
830 737 996 786 Eberh.,
1028 737 1150 778 Halm
1182 737 1237 789 ΙΙ,
1268 736 1490 788 Fleckeis,
1523 735 1682 777 M'uller.

292 805 317 853 ξ
349 803 442 845 132.
495 804 591 845 hoc
637 804 917 853 iudicium,
965 804 1016 844 cf.
1049 803 1232 856 Madvig.
1275 817 1342 857 op.
1376 803 1391 843 I
1437 816 1476 856 p.
1510 802 1588 844 2139
1621 815 1682 855 sq.

185 868 299 917 ‚nihil
353 874 415 910 est
463 871 647 924 apertius
699 883 822 923 quam
872 870 1024 911 cuius
1070 870 1215 911 eodem
1263 869 1385 910 modo
1438 869 1585 910 referri
1629 869 1683 909 ad

184 935 614 988 Chrysogonum,
645 949 725 989 quo
756 936 862 989 qui,
909 936 1224 989 enumerarique
1257 949 1330 990 per
1360 935 1561 977 relativae
1592 948 1683 976 sen-

184 1002 339 1042 tentiae
372 1002 547 1043 formam
582 1016 652 1051 ea,
706 1016 727 1043 e
760 1003 909 1055 quibus
940 1003 981 1043 id
1012 1003 1302 1056 intellegatur,
1351 1002 1461 1055 quod
1506 1001 1683 1055 intelligi

184 1067 328 1108 Cicero
358 1068 462 1109 dixit
487 1069 790 1122 (sequebantur
813 1069 920 1110 enim
944 1069 1084 1122 plures
1107 1069 1291 1110 eiusdem
1323 1069 1490 1122 generis
1522 1073 1683 1110 senten-

181 1134 264 1174 tiae
287 1135 353 1174 ubi
375 1148 482 1176 nunc
501 1137 652 1177 lacuna
672 1135 865 1189 excipit),
896 1136 1035 1188 itaque
1057 1136 1225 1176 turbant
1245 1136 1474 1176 orationem
1499 1135 1682 1188 alioquin

181 1202 305 1253 plane
337 1201 543 1254 integram
574 1202 648 1242 illa
678 1202 808 1242 verba
840 1202 934 1243 hoc
974 1202 1254 1252 iudicium,
1301 1215 1351 1242 ex
1383 1202 1532 1254 quibus
1563 1201 1683 1242 Lam-

181 1267 326 1319 binus,
360 1269 428 1320 qui
460 1268 661 1310 orationis
693 1268 869 1308 formam
901 1267 1085 1319 viderat,
1132 1268 1425 1321 interpolando
1457 1268 1593 1310 effecit
1623 1270 1682 1309 in—

182 1333 323 1374 utilem
369 1335 597 1387 superioris
642 1335 873 1376 sententiae
906 1335 1193 1388 repetitionem
1242 1334 1353 1387 (qui
1400 1335 1497 1376 hoc
1543 1335 1683 1376 iudi-

183 1400 315 1440 cium
362 1401 675 1454 conflavit).
748 1401 832 1442 Sed
876 1401 959 1441 illis
1002 1401 1140 1442 verbis
1185 1401 1416 1442 continetur
1467 1401 1682 1443 adnotatio

183 1466 358 1507 alicuius
391 1467 596 1508 monentis
628 1468 808 1509 nominis
839 1467 966 1508 delati
998 1468 1249 1509 mentionem
1281 1467 1335 1508 ad
1360 1468 1591 1521 hocipsum
1623 1467 1680 1508 iu-

183 1532 334 1573 dicium
359 1533 600 1586 pertinere.3
635 1532 749 1588 [hoc
778 1533 1047 1588 iudicium]
1079 1533 1249 1585 Muller3
1283 1534 1432 1587 getilgt
1452 1534 1587 1575 haben
1614 1533 1681 1575 die

182 1598 324 1639 Wortc
358 1599 431 1640 mit
461 1600 657 1653 Madvig:
704 1600 882 1652 Eberh.‚
920 1600 1044 1641 Halm
1076 1601 1137 1652 H,
1184 1599 1390 1641 Fleckeis.
1432 1624 1482 1630 —-
1545 1600 1682 1642 Ueber

183 1665 249 1706 dic
280 1666 476 1718 folgende
509 1666 649 1708 L‘ucke
694 1666 777 1707 und
809 1667 875 1708 die
906 1680 987 1708 von
1018 1667 1112 1707 dem
1143 1666 1408 1708 Scholiasten
1440 1666 1680 1708 Uberliefer-

181 1736 249 1772 ten
283 1732 567 1774 Bruehstiicke
614 1746 646 1773 s.
695 1733 773 1774 den
805 1733 924 1774 Text.
964 1758 1017 1762 -—
1076 1733 1160 1774 Vor
1209 1739 1383 1786 aptam
1425 1733 1498 1773 hat
1526 1733 1679 1773 Eberh.

182 1799 222 1838 in
254 1798 496 1840 Klammern
536 1799 585 1839 hi
628 1800 1027 1852 possessionem
1071 1805 1246 1852 gesetzt.
1275 1825 1328 1829 -—
1386 1798 1677 1840 Sallentini

183 1865 318 1906 bieten
373 1865 439 1906 die
494 1865 668 1906 meisten
717 1865 858 1918 codd,
922 1866 1047 1906 Halm
1084 1867 1146 1918 II,
1210 1865 1441 1918 Fleckeis.,
1508 1865 1677 1916 Miiller3

183 1931 415 1972 Bruttiis
447 1932 620 1981 Eberh.,
651 1932 776 1973 Halm
807 1933 857 1984 lI,
888 1932 1118 1986 Fleckeis.,
1150 1932 1310 1974 Miiller.

290 1998 436 2047 §133
495 1999 756 2052 praetium
794 2012 1108 2040 enumerare
1147 1999 1248 2040 oder
1285 1998 1370 2052 qui
1401 2011 1679 2052 preconum

181 2076 462 2106 numerare
517 2065 599 2106 und
651 2065 762 2106 ahnl.
809 2065 945 2106 bieten
989 2065 1056 2106 die
1100 2065 1241 2117 codd.;
1301 2064 1422 2117 quid
1481 2076 1678 2117 praeeo

182 2135 521 2171 enumeraret
543 2131 781 2183 SteinmetZ,
815 2131 1067 2185 Osenbrgg,
1099 2131 1283 2185 Madvig,
1316 2131 1439 2171 Halm
1461 2131 1494 2180 I,
1524 2130 1677 2183 Kays.;

182 2209 501 2249 praeconem
534 2198 813 2238 enuntiare
844 2197 1095 2249 Mommsen,
1124 2197 1290 2249 Miiller3
1336 2197 1456 2250 quid
1487 2209 1678 2250 praeco

182 2263 484 2304 enuntiaret
514 2264 681 2312 Eberh,
714 2264 837 2304 Halm
867 2265 922 2314 II,
955 2264 1160 2306 Fleckeis.

291 2332 315 2380 ξ
350 2330 439 2371 134.
500 2329 783 2381 conviciis,
845 2330 1000 2371 scho‘ne
1051 2331 1368 2382 Verbesserung
1426 2328 1499 2369 des
1547 2327 1677 2368 hand-

181 2395 355 2436 schriftl.
397 2396 668 2436 conviviis
699 2409 779 2437 von
810 2396 935 2446 Paul,
982 2397 1127 2450 Progr.
1160 2396 1232 2438 des
1264 2396 1595 2449 Sophiengymn.
1636 2394 1677 2433 in

181 2461 320 2502 Berlin
353 2462 459 2504 1875
487 2475 525 2515 p.
558 2462 627 2513 203
674 2462 995 2515 aufgenommen
1032 2476 1113 2504 von
1143 2463 1311 2513 Muller,
1358 2461 1483 2502 Halm
1513 2461 1593 2501 11⁹.

291 2529 315 2577 ξ
347 2528 437 2569 135.
499 2528 798 2581 composito
840 2529 981 2570 codd:
1027 2534 1234 2583 compto
1271 2528 1502 2569 Buecheler
1528 2526 1676 2568 Jahrb.

183 2594 289 2636 1872
307 2607 345 2647 p.
366 2594 460 2646 571,
490 2594 697 2636 Fleckeis.
728 2620 779 2624 —
810 2595 967 2636 etiam
996 2595 1211 2645 videtis,
1256 2594 1478 2642 iudices,
1520 2597 1569 2634 ut
1599 2596 1676 2634 etc.

182 2659 249 2700 die
287 2659 462 2701 meisten
503 2660 646 2713 codd.,
687 2666 733 2702 et
779 2674 928 2703 unum
972 2661 1171 2702 videtis
1204 2661 1296 2702 cod.
1327 2661 1422 2702 Par.
1456 2662 1490 2702 1.
1520 2660 1582 2712 4.,
1630 2663 1678 2699 et

182 2726 436 2768 invidetis
478 2731 527 2769 et
577 2740 722 2769 unum
767 2727 977 2769 videtis
1010 2727 1099 2770 cod.
1131 2728 1185 2780 G,
1225 2726 1398 2780 Madvig
1443 2727 1570 2768 strich
1609 2725 1676 2768 die
