1820 3068
650 116 879 152 Testimonia
904 121 1077 153 veterum.
1568 120 1575 160 Ι
1587 122 1602 158 ἵ
1602 136 1611 159 ν

115 228 358 283 proponitur
393 231 494 280 ⁴post
532 227 814 268 narrationem
854 227 974 279 quasi
1005 228 1198 277 intentio,
1235 233 1306 270 aut
1335 242 1359 270 a
1390 229 1611 272 defensore

116 295 233 347 quasi
272 293 483 347 quaestio,
525 297 568 333 ut
604 297 822 346 purgetur:
873 294 1091 343 ‚Sextus
1132 296 1357 336 Roscius
1398 296 1611 337 occisus

115 361 227 401 est‘.
275 360 505 400 Accusator
535 358 636 400 dicit
668 372 692 399 a
724 359 820 408 filio,
851 359 1012 401 Tullius
1042 365 1191 413 negat:
1226 361 1321 402 hinc
1352 374 1444 402 esse
1477 362 1610 403 crimi—

114 426 227 467 natio
246 430 383 479 potest
398 430 438 466 et
455 424 658 466 defensio.
692 424 928 465 Insinuatur
945 425 1069 467 iudici
1090 439 1164 479 per
1182 429 1462 469 narrationem
1482 432 1610 469 totum

113 492 340 545 negotium,
371 491 453 543 ubi,
485 491 666 544 quandO,
697 504 778 544 quo
809 490 933 532 modo
965 492 1117 533 Sextus
1141 492 1317 533 Roscius
1347 494 1401 534 sit
1431 493 1607 535 occisus.

113 558 204 600 Hoc
243 562 415 610 utraque
456 570 554 610 pars
594 557 703 598 dicat
746 570 917 598 necesse
959 562 1041 598 est:
1087 558 1182 599 huic
1219 558 1372 611 singuli
1404 560 1611 602 subtiliter

111 624 378 666 interiaciunt
406 623 467 674 id,
500 622 609 676 quod
641 623 748 676 parti
784 636 885 663 suae
916 623 1116 676 prodesse
1147 625 1300 678 possit,
1332 639 1414 667 non
1446 639 1611 679 pugnae

113 690 256 743 modo,
289 690 363 732 sed
392 689 589 730 adiuncta
619 689 704 730 veri
738 689 1026 743 similitudine,
1067 695 1110 731 ut
1141 691 1199 731 ita
1229 697 1388 744 narret,
1421 693 1540 744 quasi
1571 697 1611 733 et

113 757 380 798 adversarius
425 755 571 796 eodem
612 755 735 797 modo
776 769 946 797 narrare
983 757 1128 810 possit.
1196 757 1403 810 Explicito
1441 759 1609 811 negotio

113 836 322 876 causaque
367 822 536 875 cognita
579 822 723 875 incipit
765 823 1034 864 adversarius
1079 823 1240 875 dicere,
1287 823 1397 876 quod
1438 824 1609 865 Sextum

111 889 305 930 Roscium
341 888 449 930 filius
486 889 713 939 interemit,
757 893 797 929 et
835 888 940 930 haec
979 894 1042 930 est
1080 889 1327 930 criminatio.
1388 890 1431 930 Si
1472 896 1608 931 autem

112 955 310 996 defensor
347 959 430 1007 est,
471 955 666 1008 proponit
706 956 860 995 crimen
899 956 1018 1008 quasi
1060 957 1347 1008 quaestionem
1391 956 1610 1007 ,occidisse

110 1025 272 1075 patrem
303 1021 454 1062 Sextus
486 1020 660 1062 Roscius
691 1021 912 1073 arguitur‘,
944 1026 983 1062 et
1014 1022 1152 1063 adfert
1182 1026 1429 1075 argumenta
1460 1022 1608 1074 quibus

110 1088 190 1128 hoc
220 1087 352 1140 possit
382 1087 624 1128 dissolvere.
674 1087 774 1127 Ibid.
801 1100 839 1140 p.
858 1087 951 1137 229,
975 1088 1026 1130 1ss
1045 1101 1105 1141 sq.
1130 1088 1203 1129 H.:
1238 1088 1439 1137 Quotiens
1471 1092 1607 1129 autem

110 1153 162 1194 de
192 1167 346 1207 genere
376 1153 565 1206 quaestio
588 1157 663 1204 est,
695 1167 747 1193 ex
776 1154 916 1207 specie
950 1153 1187 1195 faciendum
1219 1159 1282 1195 est
1304 1159 1607 1208 argumentum,

110 1225 154 1261 ut
183 1219 349 1271 Cicero,
392 1232 482 1260 cum
523 1232 614 1273 pro
646 1220 837 1260 Roscio
880 1224 1045 1272 ageret,
1090 1220 1132 1260 id
1164 1224 1226 1260 est
1256 1222 1436 1274 speciem
1469 1234 1606 1262 susce-

110 1286 241 1340 pisset
274 1286 466 1337 (Roscius
498 1286 605 1327 enim
638 1286 692 1326 ad
722 1285 850 1326 filium
883 1286 1045 1339 species
1077 1286 1159 1340 est)
1192 1292 1478 1339 argumentum
1511 1287 1609 1328 fecit

111 1366 162 1394 ex
193 1365 368 1405 genere,
410 1365 500 1393 cum
542 1352 646 1392 dixit
682 1357 765 1392 tam
802 1352 914 1393 feros
946 1365 1083 1393 mores
1114 1352 1154 1392 in
1185 1350 1313 1393 filium
1345 1352 1495 1394 cadere
1526 1366 1607 1393 non

110 1419 317 1472 potuisse3
349 1418 458 1459 filius
488 1418 596 1459 enim
629 1431 781 1471 genus,
813 1418 989 1459 Roscius
1020 1418 1182 1471 species
1213 1423 1289 1459 est.

219 1527 458 1568 Martian.
492 1527 687 1581 Capell.
719 1541 758 1581 p.
790 1528 882 1580 454,
918 1528 966 1570 17
984 1541 1043 1580 sq.
1069 1527 1117 1568 H.
1150 1528 1206 1580 (p.
1238 1527 1328 1579 142,
1358 1527 1410 1569 24
1430 1541 1489 1580 sq.
1517 1528 1605 1580 E.):

111 1593 369 1643 Quaestio
408 1594 502 1648 ipsa
540 1598 612 1634 aut
648 1594 809 1635 finita
848 1598 909 1634 est
947 1598 1018 1634 aut
1057 1593 1300 1634 infinita.
1362 1592 1500 1634 Finita
1531 1598 1605 1646 est,

110 1674 200 1702 cum
231 1661 415 1702 nascitur
453 1660 504 1702 de
543 1665 654 1702 certo
695 1660 806 1701 facto
838 1659 1177 1712 demonstratque
1208 1673 1450 1713 personam,
1491 1664 1534 1700 ut
1565 1660 1605 1700 in

110 1727 374 1768 Rosciana
422 1727 633 1780 quaeritur
682 1727 916 1777 Ciceronis,
966 1731 1098 1767 utrum
1147 1726 1401 1767 interfecerit
1445 1730 1605 1780 patrem

108 1795 298 1835 Roscius.

219 1903 318 1944 ibid.
350 1916 388 1956 p.
419 1902 521 1955 463,
552 1903 606 1945 30
623 1915 684 1954 sq.
717 1902 768 1942 H.
811 1904 866 1955 (p.
900 1902 996 1954 155,
1027 1902 1077 1944 21
1102 1914 1161 1954 sq.
1192 1901 1281 1952 E.):
1332 1901 1495 1955 Duplex
1530 1903 1604 1953 (sc.

108 1969 316 2022 quaestio)
350 1973 434 2009 tum
466 1982 518 2008 ex
548 1969 671 2009 rebus
703 1967 767 2019 fit,
807 1972 850 2008 ut
880 1981 954 2021 pro
987 1967 1130 2009 Caelio
1170 1968 1221 2008 de
1253 1980 1354 2008 auro
1385 1973 1425 2008 et
1454 1968 1504 2009 de
1538 1981 1605 2008 ve-

109 2048 240 2076 neno:
270 2039 355 2075 tum
387 2034 623 2086 collatione,
653 2038 697 2075 ut
726 2047 801 2087 pro
822 2033 1033 2085 Roscio,
1065 2033 1227 2075 filiusne
1259 2038 1418 2086 patrem
1452 2047 1503 2074 an
1529 2033 1604 2074 ini-

109 2101 204 2142 mici
235 2100 527 2154 iugulaverint.

219 2209 437 2258 Quintil.
469 2209 514 2260 7,
547 2208 590 2261 2,
622 2208 695 2250 23:
742 2209 792 2250 Et
821 2208 909 2250 sive
939 2208 1116 2250 invicem
1148 2212 1367 2261 accusant,
1408 2207 1496 2249 sive
1528 2207 1604 2249 cri-

109 2289 202 2318 men
235 2289 329 2317 reus
361 2275 464 2317 citra
494 2274 800 2315 accusationem
835 2275 874 2315 in
907 2274 1193 2316 adversarium
1226 2275 1367 2325 vertit,
1414 2278 1456 2315 ut
1487 2275 1603 2315 Ros-

109 2343 222 2383 cius
252 2342 293 2383 in
325 2345 590 2383 accusatores
622 2354 741 2393 SUOS,
774 2342 963 2394 quamvis
995 2354 1087 2383 reos
1118 2354 1198 2382 non
1231 2341 1411 2382 fecisset.

220 2451 264 2493 C.
295 2450 392 2492 Jul.
424 2450 552 2492 Vict.
594 2464 634 2504 p.
665 2450 758 2502 377,
792 2451 841 2492 11
872 2450 923 2490 Η.
983 2449 1177 2492 Secunda
1207 2449 1369 2504 species
1400 2451 1476 2501 (sc.
1508 2463 1602 2491 con-

108 2518 311 2569 iecturae)
343 2521 425 2569 est,
465 2517 505 2557 in
536 2530 619 2570 qua
648 2530 742 2557 reus
783 2516 900 2570 eligit
937 2516 1119 2569 aliquem
1149 2516 1347 2557 facinoris
1379 2520 1602 2568 auctorem,

108 2588 247 2625 tamen
279 2583 381 2625 citra
411 2582 690 2624 accusationis
722 2583 970 2637 periculum,
1014 2586 1057 2623 ut
1087 2582 1138 2623 M.
1171 2582 1332 2624 Tullius
1363 2582 1602 2623 removendi

110 2663 135 2691 a
175 2650 334 2692 Sexto
372 2649 565 2691 Roscio
606 2649 789 2690 criminis
829 2662 958 2690 causa
989 2648 1232 2703 Capitonem
1266 2653 1306 2690 et
1335 2648 1602 2701 Magnum'et

109 2717 327 2758 Glauciam
358 2715 552 2770 designat
582 2715 781 2757 facinoris
812 2719 1016 2757 auctores.
