<?xml version="1.0" encoding="UTF-8"?>
<!DOCTYPE html PUBLIC "-//W3C//DTD XHTML 1.0 Transitional//EN"
    "http://www.w3.org/TR/xhtml1/DTD/xhtml1-transitional.dtd">
<html xmlns="http://www.w3.org/1999/xhtml" xml:lang="en" lang="en">
 <head>
  <title>
</title>
<meta http-equiv="Content-Type" content="text/html;charset=utf-8" />
  <meta name='ocr-system' content='tesseract 3.04.00' />
  <meta name='ocr-capabilities' content='ocr_page ocr_carea ocr_par ocr_line ocrx_word'/>
</head>
<body>
  <div class='ocr_page' id='page_1' title='image "./redefrsexrisci00ciceuoft_0056.png"; bbox 0 0 1820 3068; ppageno 0'>
   <div class='ocr_carea' id='block_1_1' title="bbox 246 128 1342 172">
    <p class='ocr_par' dir='ltr' id='par_1_1' title="bbox 246 128 1342 172">
     <span class='ocr_line' id='line_1_1' title="bbox 246 128 1342 172; baseline 0 -6"><span class='ocrx_word' id='word_1_1' title='bbox 246 128 300 172; x_wconf 77' lang='grc'>46</span> <span class='ocrx_word' id='word_1_2' title='bbox 643 129 713 166; x_wconf 91' lang='lat' dir='ltr'>Pro</span> <span class='ocrx_word' id='word_1_3' title='bbox 741 130 823 167; x_wconf 83' lang='lat' dir='ltr'>Sex.</span> <span class='ocrx_word' id='word_1_4' title='bbox 849 129 987 166; x_wconf 86' lang='lat' dir='ltr'>Roscio</span> <span class='ocrx_word' id='word_1_5' title='bbox 1015 142 1046 166; x_wconf 89' lang='lat' dir='ltr'>c.</span> <span class='ocrx_word' id='word_1_6' title='bbox 1072 131 1115 167; x_wconf 86' lang='lat'>21</span> <span class='ocrx_word' id='word_1_7' title='bbox 1145 133 1163 172; x_wconf 66' lang='grc' dir='ltr'>ξ</span> <span class='ocrx_word' id='word_1_8' title='bbox 1190 130 1342 168; x_wconf 80' lang='grc'>57-58,</span> 
     </span>
    </p>
   </div>
   <div class='ocr_carea' id='block_1_2' title="bbox 194 240 1745 1561">
    <p class='ocr_par' dir='ltr' id='par_1_2' title="bbox 194 240 1745 1561">
     <span class='ocr_line' id='line_1_2' title="bbox 245 240 1745 296; baseline -0.001 -12"><span class='ocrx_word' id='word_1_9' title='bbox 245 241 447 295; x_wconf 87' lang='lat' dir='ltr'>locantur,</span> <span class='ocrx_word' id='word_1_10' title='bbox 479 246 520 284; x_wconf 93' lang='lat' dir='ltr'>et</span> <span class='ocrx_word' id='word_1_11' title='bbox 549 254 676 283; x_wconf 86' lang='lat' dir='ltr'>canes</span> <span class='ocrx_word' id='word_1_12' title='bbox 707 242 873 282; x_wconf 88' lang='lat' dir='ltr'>aluntur</span> <span class='ocrx_word' id='word_1_13' title='bbox 901 241 942 282; x_wconf 94' lang='lat' dir='ltr'>in</span> <span class='ocrx_word' id='word_1_14' title='bbox 963 240 1186 295; x_wconf 89' lang='lat' dir='ltr'>Capitolio,</span> <span class='ocrx_word' id='word_1_15' title='bbox 1217 244 1262 282; x_wconf 92' lang='lat' dir='ltr'>ut</span> <span class='ocrx_word' id='word_1_16' title='bbox 1290 241 1536 296; x_wconf 84' lang='lat' dir='ltr'>significent,</span> <span class='ocrx_word' id='word_1_17' title='bbox 1567 242 1602 283; x_wconf 91' lang='lat' dir='ltr'>si</span> <span class='ocrx_word' id='word_1_18' title='bbox 1633 241 1745 283; x_wconf 88' lang='lat' dir='ltr'>fures</span> 
     </span>
     <span class='ocr_line' id='line_1_3' title="bbox 245 307 1744 362; baseline -0.001 -12"><span class='ocrx_word' id='word_1_19' title='bbox 245 309 446 351; x_wconf 83' lang='lat' dir='ltr'>venerint.</span> <span class='ocrx_word' id='word_1_20' title='bbox 505 310 559 349; x_wconf 90' lang='lat' dir='ltr'>At</span> <span class='ocrx_word' id='word_1_21' title='bbox 589 308 702 349; x_wconf 88' lang='lat' dir='ltr'>fures</span> <span class='ocrx_word' id='word_1_22' title='bbox 740 307 1022 349; x_wconf 82' lang='lat' dir='ltr'>internoscere</span> <span class='ocrx_word' id='word_1_23' title='bbox 1061 320 1143 348; x_wconf 91' lang='lat' dir='ltr'>non</span> <span class='ocrx_word' id='word_1_24' title='bbox 1183 313 1375 361; x_wconf 82' lang='lat' dir='ltr'>possunt,</span> <span class='ocrx_word' id='word_1_25' title='bbox 1415 309 1654 362; x_wconf 85' lang='lat' dir='ltr'>significant</span> <span class='ocrx_word' id='word_1_26' title='bbox 1684 313 1744 349; x_wconf 90' lang='lat' dir='ltr'>ta-</span> 
     </span>
     <span class='ocr_line' id='line_1_4' title="bbox 245 374 1743 429; baseline -0.001 -12"><span class='ocrx_word' id='word_1_27' title='bbox 245 388 351 425; x_wconf 87' lang='lat' dir='ltr'>men,</span> <span class='ocrx_word' id='word_1_28' title='bbox 383 375 417 416; x_wconf 93' lang='lat' dir='ltr'>si</span> <span class='ocrx_word' id='word_1_29' title='bbox 443 375 512 428; x_wconf 85' lang='lat' dir='ltr'>qui</span> <span class='ocrx_word' id='word_1_30' title='bbox 539 379 663 416; x_wconf 89' lang='lat' dir='ltr'>noctu</span> <span class='ocrx_word' id='word_1_31' title='bbox 684 374 725 414; x_wconf 88' lang='lat' dir='ltr'>in</span> <span class='ocrx_word' id='word_1_32' title='bbox 743 374 995 427; x_wconf 82' lang='lat' dir='ltr'>Capitolium</span> <span class='ocrx_word' id='word_1_33' title='bbox 1014 379 1227 425; x_wconf 84' lang='lat' dir='ltr'>venerunt,</span> <span class='ocrx_word' id='word_1_34' title='bbox 1260 380 1312 426; x_wconf 91' lang='lat' dir='ltr'>et,</span> <span class='ocrx_word' id='word_1_35' title='bbox 1343 375 1440 429; x_wconf 89' lang='lat' dir='ltr'>quia</span> <span class='ocrx_word' id='word_1_36' title='bbox 1462 375 1504 416; x_wconf 93' lang='lat' dir='ltr'>id</span> <span class='ocrx_word' id='word_1_37' title='bbox 1526 379 1589 416; x_wconf 88' lang='lat' dir='ltr'>est</span> <span class='ocrx_word' id='word_1_38' title='bbox 1609 374 1743 429; x_wconf 89' lang='lat' dir='ltr'>suspi-</span> 
     </span>
     <span class='ocr_line' id='line_1_5' title="bbox 243 440 1744 495; baseline -0.001 -12"><span class='ocrx_word' id='word_1_39' title='bbox 243 442 421 494; x_wconf 89' lang='lat' dir='ltr'>ciosum,</span> <span class='ocrx_word' id='word_1_40' title='bbox 463 441 629 482; x_wconf 89' lang='lat' dir='ltr'>tametsi</span> <span class='ocrx_word' id='word_1_41' title='bbox 669 440 830 482; x_wconf 90' lang='lat' dir='ltr'>bestiae</span> <span class='ocrx_word' id='word_1_42' title='bbox 869 444 981 488; x_wconf 86' lang='lat' dir='ltr'>sunt,</span> <span class='ocrx_word' id='word_1_43' title='bbox 1023 444 1162 481; x_wconf 85' lang='lat' dir='ltr'>tamen</span> <span class='ocrx_word' id='word_1_44' title='bbox 1201 440 1242 481; x_wconf 91' lang='lat' dir='ltr'>in</span> <span class='ocrx_word' id='word_1_45' title='bbox 1281 454 1373 482; x_wconf 88' lang='lat' dir='ltr'>eam</span> <span class='ocrx_word' id='word_1_46' title='bbox 1413 447 1573 495; x_wconf 88' lang='lat' dir='ltr'>partem</span> <span class='ocrx_word' id='word_1_47' title='bbox 1604 441 1744 495; x_wconf 91' lang='lat' dir='ltr'>potius</span> 
     </span>
     <span class='ocr_line' id='line_1_6' title="bbox 242 506 1743 562; baseline -0.001 -13"><span class='ocrx_word' id='word_1_48' title='bbox 242 513 430 562; x_wconf 87' lang='lat' dir='ltr'>peccant,</span> <span class='ocrx_word' id='word_1_49' title='bbox 462 520 569 560; x_wconf 87' lang='lat' dir='ltr'>quae</span> <span class='ocrx_word' id='word_1_50' title='bbox 600 511 663 548; x_wconf 91' lang='lat' dir='ltr'>est</span> <span class='ocrx_word' id='word_1_51' title='bbox 693 506 864 548; x_wconf 87' lang='lat' dir='ltr'>cautior.</span> <span class='ocrx_word' id='word_1_52' title='bbox 913 506 1071 556; x_wconf 81' lang='lat' dir='ltr'>Quodsi</span> <span class='ocrx_word' id='word_1_53' title='bbox 1103 507 1194 548; x_wconf 88' lang='lat' dir='ltr'>luce</span> <span class='ocrx_word' id='word_1_54' title='bbox 1226 520 1390 560; x_wconf 88' lang='lat' dir='ltr'>quoque</span> <span class='ocrx_word' id='word_1_55' title='bbox 1423 521 1549 549; x_wconf 89' lang='lat' dir='ltr'>canes</span> <span class='ocrx_word' id='word_1_56' title='bbox 1579 508 1743 558; x_wconf 87' lang='lat' dir='ltr'>latrent,</span> 
     </span>
     <span class='ocr_line' id='line_1_7' title="bbox 243 572 1742 627; baseline -0.001 -11"><span class='ocrx_word' id='word_1_57' title='bbox 243 588 334 616; x_wconf 90' lang='lat' dir='ltr'>cum</span> <span class='ocrx_word' id='word_1_58' title='bbox 366 575 468 616; x_wconf 92' lang='lat' dir='ltr'>deos</span> <span class='ocrx_word' id='word_1_59' title='bbox 499 574 723 615; x_wconf 85' lang='lat' dir='ltr'>salutatum</span> <span class='ocrx_word' id='word_1_60' title='bbox 755 573 883 626; x_wconf 83' lang='lat' dir='ltr'>aliqui</span> <span class='ocrx_word' id='word_1_61' title='bbox 914 572 1115 626; x_wconf 85' lang='lat' dir='ltr'>venerint,</span> <span class='ocrx_word' id='word_1_62' title='bbox 1148 573 1308 627; x_wconf 84' lang='lat' dir='ltr'>opinor,</span> <span class='ocrx_word' id='word_1_63' title='bbox 1346 574 1397 615; x_wconf 90' lang='lat' dir='ltr'>iis</span> <span class='ocrx_word' id='word_1_64' title='bbox 1429 588 1549 616; x_wconf 90' lang='lat' dir='ltr'>crura</span> <span class='ocrx_word' id='word_1_65' title='bbox 1580 574 1742 616; x_wconf 88' lang='lat' dir='ltr'>suffrin-</span> 
     </span>
     <span class='ocr_line' id='line_1_8' title="bbox 242 639 1741 695; baseline 0 -13"><span class='ocrx_word' id='word_1_66' title='bbox 242 646 414 695; x_wconf 87' lang='lat' dir='ltr'>gantur,</span> <span class='ocrx_word' id='word_1_67' title='bbox 457 641 566 694; x_wconf 90' lang='lat' dir='ltr'>quod</span> <span class='ocrx_word' id='word_1_68' title='bbox 606 653 724 681; x_wconf 89' lang='lat' dir='ltr'>acres</span> <span class='ocrx_word' id='word_1_69' title='bbox 763 640 845 680; x_wconf 89' lang='lat' dir='ltr'>sint</span> <span class='ocrx_word' id='word_1_70' title='bbox 881 639 1006 681; x_wconf 90' lang='lat' dir='ltr'>etiam</span> <span class='ocrx_word' id='word_1_71' title='bbox 1045 644 1150 690; x_wconf 90' lang='lat' dir='ltr'>tum,</span> <span class='ocrx_word' id='word_1_72' title='bbox 1195 653 1285 681; x_wconf 89' lang='lat' dir='ltr'>cum</span> <span class='ocrx_word' id='word_1_73' title='bbox 1318 640 1501 694; x_wconf 91' lang='lat' dir='ltr'>suspicio</span> <span class='ocrx_word' id='word_1_74' title='bbox 1532 641 1647 682; x_wconf 91' lang='lat' dir='ltr'>nulla</span> <span class='ocrx_word' id='word_1_75' title='bbox 1678 640 1741 682; x_wconf 90' lang='lat' dir='ltr'>sit.</span> 
     </span>
     <span class='ocr_line' id='line_1_9' title="bbox 194 705 1743 759; baseline -0.001 -11"><span class='ocrx_word' id='word_1_76' title='bbox 194 707 464 749; x_wconf 78' lang='lat' dir='ltr'>5⁷Simillima</span> <span class='ocrx_word' id='word_1_77' title='bbox 495 712 557 748; x_wconf 87' lang='lat' dir='ltr'>est</span> <span class='ocrx_word' id='word_1_78' title='bbox 587 711 877 748; x_wconf 79' lang='lat' dir='ltr'>accusatorum</span> <span class='ocrx_word' id='word_1_79' title='bbox 909 706 1025 748; x_wconf 87' lang='lat' dir='ltr'>ratio.</span> <span class='ocrx_word' id='word_1_80' title='bbox 1101 705 1182 747; x_wconf 91' lang='lat' dir='ltr'>Alii</span> <span class='ocrx_word' id='word_1_81' title='bbox 1213 711 1393 747; x_wconf 87' lang='lat' dir='ltr'>vestrum</span> <span class='ocrx_word' id='word_1_82' title='bbox 1435 721 1605 749; x_wconf 90' lang='lat' dir='ltr'>anseres</span> <span class='ocrx_word' id='word_1_83' title='bbox 1636 711 1743 759; x_wconf 82' lang='lat' dir='ltr'>sunt,</span> 
     </span>
     <span class='ocr_line' id='line_1_10' title="bbox 241 773 1742 827; baseline 0 -13"><span class='ocrx_word' id='word_1_84' title='bbox 241 774 310 827; x_wconf 90' lang='lat' dir='ltr'>qui</span> <span class='ocrx_word' id='word_1_85' title='bbox 349 777 508 814; x_wconf 91' lang='lat' dir='ltr'>tantum</span> <span class='ocrx_word' id='word_1_86' title='bbox 546 773 671 815; x_wconf 93' lang='lat' dir='ltr'>modo</span> <span class='ocrx_word' id='word_1_87' title='bbox 711 774 914 825; x_wconf 89' lang='lat' dir='ltr'>clamant,</span> <span class='ocrx_word' id='word_1_88' title='bbox 957 785 1108 814; x_wconf 90' lang='lat' dir='ltr'>nocere</span> <span class='ocrx_word' id='word_1_89' title='bbox 1147 786 1229 814; x_wconf 91' lang='lat' dir='ltr'>non</span> <span class='ocrx_word' id='word_1_90' title='bbox 1259 777 1452 826; x_wconf 83' lang='lat' dir='ltr'>possunt,</span> <span class='ocrx_word' id='word_1_91' title='bbox 1499 774 1571 815; x_wconf 89' lang='lat' dir='ltr'>alii</span> <span class='ocrx_word' id='word_1_92' title='bbox 1603 786 1742 825; x_wconf 83' lang='lat' dir='ltr'>canes,</span> 
     </span>
     <span class='ocr_line' id='line_1_11' title="bbox 242 838 1744 894; baseline 0 -13"><span class='ocrx_word' id='word_1_93' title='bbox 242 840 311 893; x_wconf 91' lang='lat' dir='ltr'>qui</span> <span class='ocrx_word' id='word_1_94' title='bbox 352 845 391 881; x_wconf 88' lang='lat' dir='ltr'>et</span> <span class='ocrx_word' id='word_1_95' title='bbox 427 841 582 881; x_wconf 89' lang='lat' dir='ltr'>latrare</span> <span class='ocrx_word' id='word_1_96' title='bbox 623 844 663 882; x_wconf 92' lang='lat' dir='ltr'>et</span> <span class='ocrx_word' id='word_1_97' title='bbox 701 840 892 881; x_wconf 90' lang='lat' dir='ltr'>mordere</span> <span class='ocrx_word' id='word_1_98' title='bbox 931 843 1118 893; x_wconf 83' lang='lat' dir='ltr'>possunt.</span> <span class='ocrx_word' id='word_1_99' title='bbox 1187 838 1356 880; x_wconf 85' lang='lat' dir='ltr'>Cibaria</span> <span class='ocrx_word' id='word_1_100' title='bbox 1394 840 1514 880; x_wconf 79' lang='lat' dir='ltr'>vobis</span> <span class='ocrx_word' id='word_1_101' title='bbox 1549 838 1744 894; x_wconf 87' lang='lat' dir='ltr'>praeberi</span> 
     </span>
     <span class='ocr_line' id='line_1_12' title="bbox 240 905 1742 960; baseline -0.001 -12"><span class='ocrx_word' id='word_1_102' title='bbox 240 906 452 959; x_wconf 85' lang='lat' dir='ltr'>videmus3</span> <span class='ocrx_word' id='word_1_103' title='bbox 494 920 568 949; x_wconf 84' lang='lat' dir='ltr'>vos</span> <span class='ocrx_word' id='word_1_104' title='bbox 600 911 739 948; x_wconf 87' lang='lat' dir='ltr'>autem</span> <span class='ocrx_word' id='word_1_105' title='bbox 769 906 950 948; x_wconf 78' lang='lat' dir='ltr'>maxime</span> <span class='ocrx_word' id='word_1_106' title='bbox 982 905 1144 947; x_wconf 88' lang='lat' dir='ltr'>debetis</span> <span class='ocrx_word' id='word_1_107' title='bbox 1182 905 1223 946; x_wconf 94' lang='lat' dir='ltr'>in</span> <span class='ocrx_word' id='word_1_108' title='bbox 1256 918 1327 946; x_wconf 92' lang='lat' dir='ltr'>eos</span> <span class='ocrx_word' id='word_1_109' title='bbox 1358 906 1556 960; x_wconf 88' lang='lat' dir='ltr'>impetum</span> <span class='ocrx_word' id='word_1_110' title='bbox 1588 905 1742 958; x_wconf 85' lang='lat' dir='ltr'>facere,</span> 
     </span>
     <span class='ocr_line' id='line_1_13' title="bbox 241 972 1741 1027; baseline -0.001 -13"><span class='ocrx_word' id='word_1_111' title='bbox 241 973 310 1027; x_wconf 92' lang='lat' dir='ltr'>qui</span> <span class='ocrx_word' id='word_1_112' title='bbox 341 978 563 1016; x_wconf 88' lang='lat' dir='ltr'>merentur.</span> <span class='ocrx_word' id='word_1_113' title='bbox 621 974 711 1015; x_wconf 94' lang='lat' dir='ltr'>Hoc</span> <span class='ocrx_word' id='word_1_114' title='bbox 740 974 896 1027; x_wconf 91' lang='lat' dir='ltr'>populo</span> <span class='ocrx_word' id='word_1_115' title='bbox 928 972 1213 1026; x_wconf 88' lang='lat' dir='ltr'>gratissimum</span> <span class='ocrx_word' id='word_1_116' title='bbox 1246 976 1321 1013; x_wconf 90' lang='lat' dir='ltr'>est.</span> <span class='ocrx_word' id='word_1_117' title='bbox 1381 972 1565 1026; x_wconf 83' lang='lat' dir='ltr'>Deinde,</span> <span class='ocrx_word' id='word_1_118' title='bbox 1606 973 1640 1013; x_wconf 92' lang='lat' dir='ltr'>si</span> <span class='ocrx_word' id='word_1_119' title='bbox 1670 984 1741 1013; x_wconf 88' lang='lat' dir='ltr'>vo-</span> 
     </span>
     <span class='ocr_line' id='line_1_14' title="bbox 240 1037 1743 1093; baseline -0.001 -12"><span class='ocrx_word' id='word_1_120' title='bbox 240 1040 348 1093; x_wconf 87' lang='lat' dir='ltr'>letis,</span> <span class='ocrx_word' id='word_1_121' title='bbox 380 1041 505 1082; x_wconf 90' lang='lat' dir='ltr'>etiam</span> <span class='ocrx_word' id='word_1_122' title='bbox 535 1044 633 1090; x_wconf 91' lang='lat' dir='ltr'>tum,</span> <span class='ocrx_word' id='word_1_123' title='bbox 667 1053 759 1082; x_wconf 91' lang='lat' dir='ltr'>cum</span> <span class='ocrx_word' id='word_1_124' title='bbox 789 1040 875 1081; x_wconf 86' lang='lat' dir='ltr'>veri</span> <span class='ocrx_word' id='word_1_125' title='bbox 907 1039 1041 1080; x_wconf 90' lang='lat' dir='ltr'>simile</span> <span class='ocrx_word' id='word_1_126' title='bbox 1072 1038 1151 1079; x_wconf 89' lang='lat' dir='ltr'>erit</span> <span class='ocrx_word' id='word_1_127' title='bbox 1181 1039 1364 1091; x_wconf 77' lang='lat' dir='ltr'>aliquem</span> <span class='ocrx_word' id='word_1_128' title='bbox 1396 1037 1670 1090; x_wconf 87' lang='lat' dir='ltr'>commisisse,</span> <span class='ocrx_word' id='word_1_129' title='bbox 1700 1039 1743 1079; x_wconf 91' lang='lat' dir='ltr'>in</span> 
     </span>
     <span class='ocr_line' id='line_1_15' title="bbox 240 1105 1742 1161; baseline -0.002 -13"><span class='ocrx_word' id='word_1_130' title='bbox 240 1107 478 1161; x_wconf 85' lang='lat' dir='ltr'>suspicione</span> <span class='ocrx_word' id='word_1_131' title='bbox 518 1108 734 1158; x_wconf 83' lang='lat' dir='ltr'>latratote3</span> <span class='ocrx_word' id='word_1_132' title='bbox 782 1107 825 1147; x_wconf 90' lang='lat' dir='ltr'>id</span> <span class='ocrx_word' id='word_1_133' title='bbox 863 1118 1026 1159; x_wconf 90' lang='lat' dir='ltr'>quoque</span> <span class='ocrx_word' id='word_1_134' title='bbox 1065 1105 1238 1147; x_wconf 88' lang='lat' dir='ltr'>concedi</span> <span class='ocrx_word' id='word_1_135' title='bbox 1276 1110 1425 1159; x_wconf 86' lang='lat' dir='ltr'>potest.</span> <span class='ocrx_word' id='word_1_136' title='bbox 1500 1105 1573 1147; x_wconf 88' lang='lat' dir='ltr'>Sin</span> <span class='ocrx_word' id='word_1_137' title='bbox 1603 1109 1742 1146; x_wconf 87' lang='lat' dir='ltr'>autem</span> 
     </span>
     <span class='ocr_line' id='line_1_16' title="bbox 239 1171 1743 1227; baseline -0.003 -11"><span class='ocrx_word' id='word_1_138' title='bbox 239 1175 300 1216; x_wconf 89' lang='lat' dir='ltr'>sic</span> <span class='ocrx_word' id='word_1_139' title='bbox 330 1174 480 1227; x_wconf 86' lang='lat' dir='ltr'>agetis,</span> <span class='ocrx_word' id='word_1_140' title='bbox 513 1178 557 1215; x_wconf 91' lang='lat' dir='ltr'>ut</span> <span class='ocrx_word' id='word_1_141' title='bbox 586 1174 776 1227; x_wconf 84' lang='lat' dir='ltr'>arguatis</span> <span class='ocrx_word' id='word_1_142' title='bbox 807 1173 988 1225; x_wconf 85' lang='lat' dir='ltr'>aliquem</span> <span class='ocrx_word' id='word_1_143' title='bbox 1020 1176 1180 1225; x_wconf 88' lang='lat' dir='ltr'>patrem</span> <span class='ocrx_word' id='word_1_144' title='bbox 1212 1171 1416 1213; x_wconf 90' lang='lat' dir='ltr'>occidisse</span> <span class='ocrx_word' id='word_1_145' title='bbox 1447 1184 1580 1225; x_wconf 90' lang='lat' dir='ltr'>neque</span> <span class='ocrx_word' id='word_1_146' title='bbox 1604 1171 1743 1213; x_wconf 87' lang='lat' dir='ltr'>dicere</span> 
     </span>
     <span class='ocr_line' id='line_1_17' title="bbox 240 1238 1743 1295; baseline -0.003 -13"><span class='ocrx_word' id='word_1_147' title='bbox 240 1241 431 1295; x_wconf 89' lang='lat' dir='ltr'>possitis,</span> <span class='ocrx_word' id='word_1_148' title='bbox 473 1245 543 1282; x_wconf 85' lang='lat' dir='ltr'>aut</span> <span class='ocrx_word' id='word_1_149' title='bbox 573 1253 702 1293; x_wconf 89' lang='lat' dir='ltr'>quare</span> <span class='ocrx_word' id='word_1_150' title='bbox 734 1244 804 1281; x_wconf 90' lang='lat' dir='ltr'>aut</span> <span class='ocrx_word' id='word_1_151' title='bbox 835 1252 914 1292; x_wconf 89' lang='lat' dir='ltr'>quo</span> <span class='ocrx_word' id='word_1_152' title='bbox 949 1238 1093 1290; x_wconf 87' lang='lat' dir='ltr'>modo,</span> <span class='ocrx_word' id='word_1_153' title='bbox 1134 1252 1184 1279; x_wconf 89' lang='lat' dir='ltr'>ac</span> <span class='ocrx_word' id='word_1_154' title='bbox 1214 1243 1373 1279; x_wconf 87' lang='lat' dir='ltr'>tantum</span> <span class='ocrx_word' id='word_1_155' title='bbox 1402 1238 1526 1279; x_wconf 89' lang='lat' dir='ltr'>modo</span> <span class='ocrx_word' id='word_1_156' title='bbox 1557 1238 1646 1279; x_wconf 86' lang='lat' dir='ltr'>sine</span> <span class='ocrx_word' id='word_1_157' title='bbox 1677 1250 1743 1279; x_wconf 89' lang='lat' dir='ltr'>su-</span> 
     </span>
     <span class='ocr_line' id='line_1_18' title="bbox 240 1304 1741 1361; baseline -0.002 -12"><span class='ocrx_word' id='word_1_158' title='bbox 240 1308 427 1361; x_wconf 91' lang='lat' dir='ltr'>spicione</span> <span class='ocrx_word' id='word_1_159' title='bbox 457 1307 684 1359; x_wconf 89' lang='lat' dir='ltr'>latrabitis,</span> <span class='ocrx_word' id='word_1_160' title='bbox 725 1319 846 1347; x_wconf 89' lang='lat' dir='ltr'>crura</span> <span class='ocrx_word' id='word_1_161' title='bbox 876 1305 1042 1359; x_wconf 87' lang='lat' dir='ltr'>quidem</span> <span class='ocrx_word' id='word_1_162' title='bbox 1073 1305 1192 1346; x_wconf 87' lang='lat' dir='ltr'>vobis</span> <span class='ocrx_word' id='word_1_163' title='bbox 1221 1318 1342 1347; x_wconf 91' lang='lat' dir='ltr'>nemo</span> <span class='ocrx_word' id='word_1_164' title='bbox 1374 1304 1612 1358; x_wconf 85' lang='lat' dir='ltr'>suffringet,</span> <span class='ocrx_word' id='word_1_165' title='bbox 1654 1304 1741 1356; x_wconf 90' lang='lat' dir='ltr'>sed,</span> 
     </span>
     <span class='ocr_line' id='line_1_19' title="bbox 239 1370 1742 1427; baseline -0.003 -12"><span class='ocrx_word' id='word_1_166' title='bbox 239 1374 274 1415; x_wconf 87' lang='lat' dir='ltr'>si</span> <span class='ocrx_word' id='word_1_167' title='bbox 307 1387 385 1427; x_wconf 84' lang='lat' dir='ltr'>ego</span> <span class='ocrx_word' id='word_1_168' title='bbox 415 1374 492 1415; x_wconf 92' lang='lat' dir='ltr'>hos</span> <span class='ocrx_word' id='word_1_169' title='bbox 524 1374 629 1414; x_wconf 88' lang='lat' dir='ltr'>bene</span> <span class='ocrx_word' id='word_1_170' title='bbox 660 1373 777 1424; x_wconf 86' lang='lat' dir='ltr'>novi,</span> <span class='ocrx_word' id='word_1_171' title='bbox 819 1373 999 1414; x_wconf 88' lang='lat' dir='ltr'>litteram</span> <span class='ocrx_word' id='word_1_172' title='bbox 1038 1372 1176 1423; x_wconf 90' lang='lat' dir='ltr'>illam,</span> <span class='ocrx_word' id='word_1_173' title='bbox 1218 1373 1281 1413; x_wconf 89' lang='lat' dir='ltr'>cui</span> <span class='ocrx_word' id='word_1_174' title='bbox 1311 1385 1386 1413; x_wconf 86' lang='lat' dir='ltr'>vos</span> <span class='ocrx_word' id='word_1_175' title='bbox 1416 1384 1545 1424; x_wconf 91' lang='lat' dir='ltr'>usque</span> <span class='ocrx_word' id='word_1_176' title='bbox 1585 1383 1634 1412; x_wconf 91' lang='lat' dir='ltr'>eo</span> <span class='ocrx_word' id='word_1_177' title='bbox 1667 1370 1742 1411; x_wconf 93' lang='lat' dir='ltr'>ini-</span> 
     </span>
     <span class='ocr_line' id='line_1_20' title="bbox 238 1437 1741 1493; baseline -0.003 -11"><span class='ocrx_word' id='word_1_178' title='bbox 238 1440 334 1482; x_wconf 90' lang='lat' dir='ltr'>mici</span> <span class='ocrx_word' id='word_1_179' title='bbox 367 1440 490 1493; x_wconf 89' lang='lat' dir='ltr'>estis,</span> <span class='ocrx_word' id='word_1_180' title='bbox 535 1445 580 1481; x_wconf 92' lang='lat' dir='ltr'>ut</span> <span class='ocrx_word' id='word_1_181' title='bbox 611 1440 735 1481; x_wconf 89' lang='lat' dir='ltr'>etiam</span> <span class='ocrx_word' id='word_1_182' title='bbox 767 1440 862 1480; x_wconf 85' lang='lat' dir='ltr'>Kal.</span> <span class='ocrx_word' id='word_1_183' title='bbox 895 1452 1038 1481; x_wconf 90' lang='lat' dir='ltr'>omnes</span> <span class='ocrx_word' id='word_1_184' title='bbox 1066 1438 1261 1490; x_wconf 85' lang='lat' dir='ltr'>oderitis,</span> <span class='ocrx_word' id='word_1_185' title='bbox 1302 1438 1361 1479; x_wconf 87' lang='lat' dir='ltr'>ita</span> <span class='ocrx_word' id='word_1_186' title='bbox 1391 1438 1659 1479; x_wconf 88' lang='lat' dir='ltr'>vehementer</span> <span class='ocrx_word' id='word_1_187' title='bbox 1688 1437 1741 1478; x_wconf 90' lang='lat' dir='ltr'>ad</span> 
     </span>
     <span class='ocr_line' id='line_1_21' title="bbox 240 1504 1742 1561; baseline -0.002 -13"><span class='ocrx_word' id='word_1_188' title='bbox 240 1512 366 1561; x_wconf 90' lang='lat' dir='ltr'>caput</span> <span class='ocrx_word' id='word_1_189' title='bbox 396 1506 593 1560; x_wconf 86' lang='lat' dir='ltr'>adfigent,</span> <span class='ocrx_word' id='word_1_190' title='bbox 625 1510 669 1547; x_wconf 91' lang='lat' dir='ltr'>ut</span> <span class='ocrx_word' id='word_1_191' title='bbox 699 1511 847 1560; x_wconf 88' lang='lat' dir='ltr'>postea</span> <span class='ocrx_word' id='word_1_192' title='bbox 875 1506 1083 1547; x_wconf 88' lang='lat' dir='ltr'>neminem</span> <span class='ocrx_word' id='word_1_193' title='bbox 1116 1505 1242 1546; x_wconf 85' lang='lat' dir='ltr'>alium</span> <span class='ocrx_word' id='word_1_194' title='bbox 1264 1504 1344 1546; x_wconf 91' lang='lat' dir='ltr'>nisi</span> <span class='ocrx_word' id='word_1_195' title='bbox 1368 1504 1558 1546; x_wconf 88' lang='lat' dir='ltr'>fortunas</span> <span class='ocrx_word' id='word_1_196' title='bbox 1579 1508 1742 1545; x_wconf 88' lang='lat' dir='ltr'>vestras</span> 
     </span>
    </p>
   </div>
   <div class='ocr_carea' id='block_1_3' title="bbox 239 1573 656 1628">
    <p class='ocr_par' dir='ltr' id='par_1_3' title="bbox 239 1573 656 1628">
     <span class='ocr_line' id='line_1_22' title="bbox 239 1573 656 1628; baseline -0.012 -13"><span class='ocrx_word' id='word_1_197' title='bbox 239 1586 440 1615; x_wconf 87' lang='lat' dir='ltr'>accusare</span> <span class='ocrx_word' id='word_1_198' title='bbox 472 1573 656 1628; x_wconf 90' lang='lat' dir='ltr'>possitis.</span> 
     </span>
    </p>
   </div>
   <div class='ocr_carea' id='block_1_4' title="bbox 192 1652 1771 2308">
    <p class='ocr_par' dir='ltr' id='par_1_4' title="bbox 192 1652 1771 2308">
     <span class='ocr_line' id='line_1_23' title="bbox 192 1652 1739 1704; baseline -0.001 -9"><span class='ocrx_word' id='word_1_199' title='bbox 192 1664 226 1689; x_wconf 82' lang='lat'>58</span> <span class='ocrx_word' id='word_1_200' title='bbox 350 1654 467 1695; x_wconf 88' lang='lat' dir='ltr'>XXI.</span> <span class='ocrx_word' id='word_1_201' title='bbox 517 1653 627 1704; x_wconf 81' lang='lat' dir='ltr'>Quid</span> <span class='ocrx_word' id='word_1_202' title='bbox 657 1653 756 1694; x_wconf 89' lang='lat' dir='ltr'>mihi</span> <span class='ocrx_word' id='word_1_203' title='bbox 788 1653 842 1694; x_wconf 90' lang='lat' dir='ltr'>ad</span> <span class='ocrx_word' id='word_1_204' title='bbox 873 1652 1181 1694; x_wconf 86' lang='lat' dir='ltr'>defendendum</span> <span class='ocrx_word' id='word_1_205' title='bbox 1214 1652 1389 1704; x_wconf 87' lang='lat' dir='ltr'>dedisti,</span> <span class='ocrx_word' id='word_1_206' title='bbox 1421 1652 1529 1693; x_wconf 91' lang='lat' dir='ltr'>bone</span> <span class='ocrx_word' id='word_1_207' title='bbox 1568 1665 1739 1694; x_wconf 88' lang='lat' dir='ltr'>accusa-</span> 
     </span>
     <span class='ocr_line' id='line_1_24' title="bbox 239 1718 1739 1775; baseline -0.003 -12"><span class='ocrx_word' id='word_1_208' title='bbox 239 1721 336 1763; x_wconf 76' lang='lat' dir='ltr'>tor?</span> <span class='ocrx_word' id='word_1_209' title='bbox 385 1721 483 1775; x_wconf 91' lang='lat' dir='ltr'>quid</span> <span class='ocrx_word' id='word_1_210' title='bbox 514 1721 629 1762; x_wconf 90' lang='lat' dir='ltr'>hisce</span> <span class='ocrx_word' id='word_1_211' title='bbox 660 1725 797 1761; x_wconf 88' lang='lat' dir='ltr'>autem</span> <span class='ocrx_word' id='word_1_212' title='bbox 829 1720 882 1760; x_wconf 89' lang='lat' dir='ltr'>ad</span> <span class='ocrx_word' id='word_1_213' title='bbox 914 1719 1243 1774; x_wconf 75' lang='lat' dir='ltr'>suspicandum?</span> <span class='ocrx_word' id='word_1_214' title='bbox 1293 1719 1369 1771; x_wconf 90' lang='lat' dir='ltr'>,Ne</span> <span class='ocrx_word' id='word_1_215' title='bbox 1400 1718 1739 1771; x_wconf 73' lang='lat' dir='ltr'>exheredaretur,</span> 
     </span>
     <span class='ocr_line' id='line_1_25' title="bbox 240 1785 1739 1840; baseline -0.002 -11"><span class='ocrx_word' id='word_1_216' title='bbox 240 1789 396 1830; x_wconf 87' lang='lat' dir='ltr'>veritus</span> <span class='ocrx_word' id='word_1_217' title='bbox 427 1792 514 1829; x_wconf 66' lang='lat' dir='ltr'>est!</span> <span class='ocrx_word' id='word_1_218' title='bbox 571 1787 722 1837; x_wconf 81' lang='lat' dir='ltr'>Audio,</span> <span class='ocrx_word' id='word_1_219' title='bbox 754 1787 828 1828; x_wconf 91' lang='lat' dir='ltr'>sed</span> <span class='ocrx_word' id='word_1_220' title='bbox 859 1800 942 1840; x_wconf 92' lang='lat' dir='ltr'>qua</span> <span class='ocrx_word' id='word_1_221' title='bbox 972 1787 1022 1828; x_wconf 88' lang='lat' dir='ltr'>de</span> <span class='ocrx_word' id='word_1_222' title='bbox 1055 1800 1186 1828; x_wconf 89' lang='lat' dir='ltr'>eausa</span> <span class='ocrx_word' id='word_1_223' title='bbox 1215 1786 1349 1827; x_wconf 87' lang='lat' dir='ltr'>vereri</span> <span class='ocrx_word' id='word_1_224' title='bbox 1382 1785 1585 1838; x_wconf 82' lang='lat' dir='ltr'>debuerit,</span> <span class='ocrx_word' id='word_1_225' title='bbox 1617 1798 1739 1826; x_wconf 92' lang='lat' dir='ltr'>nemo</span> 
     </span>
     <span class='ocr_line' id='line_1_26' title="bbox 240 1851 1738 1907; baseline -0.003 -11"><span class='ocrx_word' id='word_1_226' title='bbox 240 1855 353 1896; x_wconf 91' lang='lat' dir='ltr'>dicit.</span> <span class='ocrx_word' id='word_1_227' title='bbox 410 1854 620 1907; x_wconf 87' lang='lat' dir='ltr'>,Habebat</span> <span class='ocrx_word' id='word_1_228' title='bbox 658 1858 778 1907; x_wconf 87' lang='lat' dir='ltr'>pater</span> <span class='ocrx_word' id='word_1_229' title='bbox 817 1853 857 1893; x_wconf 90' lang='lat' dir='ltr'>in</span> <span class='ocrx_word' id='word_1_230' title='bbox 901 1853 1067 1895; x_wconf 87' lang='lat' dir='ltr'>animo.‘</span> <span class='ocrx_word' id='word_1_231' title='bbox 1133 1852 1310 1894; x_wconf 88' lang='lat' dir='ltr'>Planum</span> <span class='ocrx_word' id='word_1_232' title='bbox 1348 1852 1430 1893; x_wconf 86' lang='lat' dir='ltr'>fac.</span> <span class='ocrx_word' id='word_1_233' title='bbox 1499 1851 1614 1892; x_wconf 91' lang='lat' dir='ltr'>Nihil</span> <span class='ocrx_word' id='word_1_234' title='bbox 1655 1856 1738 1903; x_wconf 77' lang='lat' dir='ltr'>est3</span> 
     </span>
     <span class='ocr_line' id='line_1_27' title="bbox 239 1917 1741 1975; baseline -0.004 -11"><span class='ocrx_word' id='word_1_235' title='bbox 239 1935 343 1974; x_wconf 80' lang='lat' dir='ltr'>non,</span> <span class='ocrx_word' id='word_1_236' title='bbox 381 1921 545 1975; x_wconf 90' lang='lat' dir='ltr'>quicum</span> <span class='ocrx_word' id='word_1_237' title='bbox 577 1920 838 1972; x_wconf 89' lang='lat' dir='ltr'>deliberarit,</span> <span class='ocrx_word' id='word_1_238' title='bbox 882 1933 1004 1972; x_wconf 87' lang='lat' dir='ltr'>quem</span> <span class='ocrx_word' id='word_1_239' title='bbox 1035 1920 1251 1961; x_wconf 87' lang='lat' dir='ltr'>certiorem</span> <span class='ocrx_word' id='word_1_240' title='bbox 1285 1919 1448 1971; x_wconf 85' lang='lat' dir='ltr'>fecerit,</span> <span class='ocrx_word' id='word_1_241' title='bbox 1490 1917 1598 1959; x_wconf 90' lang='lat' dir='ltr'>unde</span> <span class='ocrx_word' id='word_1_242' title='bbox 1630 1917 1741 1959; x_wconf 89' lang='lat' dir='ltr'>istud</span> 
     </span>
     <span class='ocr_line' id='line_1_28' title="bbox 240 1985 1738 2042; baseline -0.003 -12"><span class='ocrx_word' id='word_1_243' title='bbox 240 1989 360 2030; x_wconf 87' lang='lat' dir='ltr'>vobis</span> <span class='ocrx_word' id='word_1_244' title='bbox 390 1987 595 2042; x_wconf 89' lang='lat' dir='ltr'>suspicari</span> <span class='ocrx_word' id='word_1_245' title='bbox 631 1987 672 2027; x_wconf 94' lang='lat' dir='ltr'>in</span> <span class='ocrx_word' id='word_1_246' title='bbox 703 1991 882 2028; x_wconf 88' lang='lat' dir='ltr'>mentem</span> <span class='ocrx_word' id='word_1_247' title='bbox 914 1987 1084 2028; x_wconf 86' lang='lat' dir='ltr'>venerit.</span> <span class='ocrx_word' id='word_1_248' title='bbox 1153 1986 1255 2027; x_wconf 89' lang='lat' dir='ltr'>Cum</span> <span class='ocrx_word' id='word_1_249' title='bbox 1287 1985 1366 2027; x_wconf 90' lang='lat' dir='ltr'>hoc</span> <span class='ocrx_word' id='word_1_250' title='bbox 1396 1985 1520 2026; x_wconf 92' lang='lat' dir='ltr'>modo</span> <span class='ocrx_word' id='word_1_251' title='bbox 1550 1997 1738 2038; x_wconf 86' lang='lat' dir='ltr'>accusas,</span> 
     </span>
     <span class='ocr_line' id='line_1_29' title="bbox 240 2051 1738 2107; baseline -0.003 -11"><span class='ocrx_word' id='word_1_252' title='bbox 240 2055 385 2106; x_wconf 89' lang='lat' dir='ltr'>Eruci,</span> <span class='ocrx_word' id='word_1_253' title='bbox 427 2067 564 2095; x_wconf 90' lang='lat' dir='ltr'>nonne</span> <span class='ocrx_word' id='word_1_254' title='bbox 596 2053 675 2095; x_wconf 93' lang='lat' dir='ltr'>hoc</span> <span class='ocrx_word' id='word_1_255' title='bbox 705 2054 846 2107; x_wconf 86' lang='lat' dir='ltr'>palam</span> <span class='ocrx_word' id='word_1_256' title='bbox 878 2053 1007 2094; x_wconf 89' lang='lat' dir='ltr'>dicis:</span> <span class='ocrx_word' id='word_1_257' title='bbox 1067 2053 1173 2106; x_wconf 86' lang='lat' dir='ltr'>,Ego</span> <span class='ocrx_word' id='word_1_258' title='bbox 1205 2052 1305 2105; x_wconf 90' lang='lat' dir='ltr'>quid</span> <span class='ocrx_word' id='word_1_259' title='bbox 1335 2051 1592 2105; x_wconf 86' lang='lat' dir='ltr'>acceperim,</span> <span class='ocrx_word' id='word_1_260' title='bbox 1637 2051 1738 2104; x_wconf 87' lang='lat' dir='ltr'>scio,</span> 
     </span>
     <span class='ocr_line' id='line_1_30' title="bbox 241 2112 1771 2175; baseline -0.003 -13"><span class='ocrx_word' id='word_1_261' title='bbox 241 2122 340 2175; x_wconf 92' lang='lat' dir='ltr'>quid</span> <span class='ocrx_word' id='word_1_262' title='bbox 371 2121 527 2174; x_wconf 88' lang='lat' dir='ltr'>dicam,</span> <span class='ocrx_word' id='word_1_263' title='bbox 558 2120 722 2172; x_wconf 63' lang='lat' dir='ltr'>nescio,</span> <span class='ocrx_word' id='word_1_264' title='bbox 766 2133 890 2161; x_wconf 89' lang='lat' dir='ltr'>unum</span> <span class='ocrx_word' id='word_1_265' title='bbox 923 2119 1024 2161; x_wconf 87' lang='lat' dir='ltr'>illud</span> <span class='ocrx_word' id='word_1_266' title='bbox 1055 2120 1265 2173; x_wconf 87' lang='lat' dir='ltr'>spectavi,</span> <span class='ocrx_word' id='word_1_267' title='bbox 1296 2119 1406 2172; x_wconf 90' lang='lat' dir='ltr'>quod</span> <span class='ocrx_word' id='word_1_268' title='bbox 1438 2117 1738 2171; x_wconf 86' lang='lat' dir='ltr'>Chrysogonus</span> <span class='ocrx_word' id='word_1_269' title='bbox 1766 2112 1771 2117; x_wconf 49' lang='lat'>⁸</span> 
     </span>
     <span class='ocr_line' id='line_1_31' title="bbox 240 2184 1738 2241; baseline -0.003 -11"><span class='ocrx_word' id='word_1_270' title='bbox 240 2188 392 2241; x_wconf 86' lang='lat' dir='ltr'>aiebat,</span> <span class='ocrx_word' id='word_1_271' title='bbox 422 2187 629 2229; x_wconf 90' lang='lat' dir='ltr'>neminem</span> <span class='ocrx_word' id='word_1_272' title='bbox 661 2187 728 2228; x_wconf 91' lang='lat' dir='ltr'>isti</span> <span class='ocrx_word' id='word_1_273' title='bbox 753 2192 974 2241; x_wconf 88' lang='lat' dir='ltr'>patronum</span> <span class='ocrx_word' id='word_1_274' title='bbox 1003 2187 1204 2238; x_wconf 83' lang='lat' dir='ltr'>futurum3</span> <span class='ocrx_word' id='word_1_275' title='bbox 1235 2186 1285 2227; x_wconf 89' lang='lat' dir='ltr'>de</span> <span class='ocrx_word' id='word_1_276' title='bbox 1306 2186 1507 2226; x_wconf 88' lang='lat' dir='ltr'>bonorum</span> <span class='ocrx_word' id='word_1_277' title='bbox 1529 2184 1738 2238; x_wconf 84' lang='lat' dir='ltr'>emptione</span> 
     </span>
     <span class='ocr_line' id='line_1_32' title="bbox 239 2251 1740 2308; baseline -0.002 -13"><span class='ocrx_word' id='word_1_278' title='bbox 239 2255 374 2308; x_wconf 86' lang='lat' dir='ltr'>deque</span> <span class='ocrx_word' id='word_1_279' title='bbox 405 2267 456 2295; x_wconf 91' lang='lat' dir='ltr'>ea</span> <span class='ocrx_word' id='word_1_280' title='bbox 486 2253 685 2295; x_wconf 86' lang='lat' dir='ltr'>societate</span> <span class='ocrx_word' id='word_1_281' title='bbox 718 2254 922 2295; x_wconf 90' lang='lat' dir='ltr'>neminem</span> <span class='ocrx_word' id='word_1_282' title='bbox 959 2265 1051 2294; x_wconf 89' lang='lat' dir='ltr'>esse</span> <span class='ocrx_word' id='word_1_283' title='bbox 1089 2252 1157 2306; x_wconf 92' lang='lat' dir='ltr'>qui</span> <span class='ocrx_word' id='word_1_284' title='bbox 1192 2253 1364 2293; x_wconf 87' lang='lat' dir='ltr'>verbum</span> <span class='ocrx_word' id='word_1_285' title='bbox 1395 2251 1536 2293; x_wconf 89' lang='lat' dir='ltr'>facere</span> <span class='ocrx_word' id='word_1_286' title='bbox 1566 2251 1740 2293; x_wconf 88' lang='lat' dir='ltr'>auderet</span> 
     </span>
    </p>
   </div>
   <div class='ocr_carea' id='block_1_5' title="bbox 337 2383 574 2417">
    <p class='ocr_par' dir='ltr' id='par_1_5' title="bbox 337 2383 574 2417">
     <span class='ocr_line' id='line_1_33' title="bbox 337 2383 574 2417; baseline -0.008 0"><span class='ocrx_word' id='word_1_287' title='bbox 337 2383 480 2417; x_wconf 76' lang='lat' dir='ltr'>Testim.</span> <span class='ocrx_word' id='word_1_288' title='bbox 508 2385 574 2415; x_wconf 68' lang='lat' dir='ltr'>vet.</span> 
     </span>
    </p>
   </div>
   <div class='ocr_carea' id='block_1_6' title="bbox 335 2443 1736 2546">
    <p class='ocr_par' dir='ltr' id='par_1_6' title="bbox 335 2443 1736 2546">
     <span class='ocr_line' id='line_1_34' title="bbox 335 2443 548 2479; baseline -0.005 -1"><span class='ocrx_word' id='word_1_289' title='bbox 335 2443 455 2479; x_wconf 62' lang='lat' dir='ltr'>Sobel,</span> <span class='ocrx_word' id='word_1_290' title='bbox 486 2443 548 2478; x_wconf 79' lang='lat' dir='ltr'>Gr.</span> 
     </span>
     <span class='ocr_line' id='line_1_35' title="bbox 335 2499 1736 2546; baseline -0.002 -8"><span class='ocrx_word' id='word_1_291' title='bbox 335 2507 353 2545; x_wconf 67' lang='grc' dir='ltr'><em>ξ</em></span> <span class='ocrx_word' id='word_1_292' title='bbox 380 2505 423 2539; x_wconf 79' lang='grc'>57</span> <span class='ocrx_word' id='word_1_293' title='bbox 457 2502 686 2537; x_wconf 86' lang='lat' dir='ltr'>Litteram</span> <span class='ocrx_word' id='word_1_294' title='bbox 712 2500 856 2546; x_wconf 76' lang='lat' dir='ltr'>illam]</span> <span class='ocrx_word' id='word_1_295' title='bbox 893 2499 1217 2544; x_wconf 83' lang='lat' dir='ltr'>Quotienscunque</span> <span class='ocrx_word' id='word_1_296' title='bbox 1245 2499 1405 2545; x_wconf 83' lang='lat' dir='ltr'>aliquem</span> <span class='ocrx_word' id='word_1_297' title='bbox 1432 2499 1659 2535; x_wconf 83' lang='lat' dir='ltr'>damnabant</span> <span class='ocrx_word' id='word_1_298' title='bbox 1683 2499 1736 2535; x_wconf 90' lang='lat' dir='ltr'>iu-</span> 
     </span>
    </p>
   </div>
   <div class='ocr_carea' id='block_1_7' title="bbox 237 2559 1736 2782">
    <p class='ocr_par' dir='ltr' id='par_1_7' title="bbox 237 2559 1736 2782">
     <span class='ocr_line' id='line_1_36' title="bbox 240 2559 1736 2604; baseline -0.001 -8"><span class='ocrx_word' id='word_1_299' title='bbox 240 2561 363 2604; x_wconf 86' lang='lat' dir='ltr'>dices,</span> <span class='ocrx_word' id='word_1_300' title='bbox 401 2561 434 2595; x_wconf 80' lang='lat' dir='ltr'>K</span> <span class='ocrx_word' id='word_1_301' title='bbox 461 2561 617 2596; x_wconf 87' lang='lat' dir='ltr'>litteram</span> <span class='ocrx_word' id='word_1_302' title='bbox 645 2559 850 2603; x_wconf 86' lang='lat' dir='ltr'>faciebant,</span> <span class='ocrx_word' id='word_1_303' title='bbox 890 2561 923 2594; x_wconf 93' lang='lat' dir='ltr'><strong>A</strong></span> <span class='ocrx_word' id='word_1_304' title='bbox 951 2559 1206 2595; x_wconf 82' lang='lat' dir='ltr'>absolvebant..</span> <span class='ocrx_word' id='word_1_305' title='bbox 1269 2559 1349 2593; x_wconf 88' lang='lat' dir='ltr'>Hoc</span> <span class='ocrx_word' id='word_1_306' title='bbox 1376 2570 1465 2604; x_wconf 89' lang='lat' dir='ltr'>ergo</span> <span class='ocrx_word' id='word_1_307' title='bbox 1492 2559 1581 2594; x_wconf 87' lang='lat' dir='ltr'>dicit</span> <span class='ocrx_word' id='word_1_308' title='bbox 1605 2559 1736 2595; x_wconf 90' lang='lat' dir='ltr'>Cicero</span> 
     </span>
     <span class='ocr_line' id='line_1_37' title="bbox 240 2617 1736 2665; baseline -0.002 -10"><span class='ocrx_word' id='word_1_309' title='bbox 240 2621 291 2664; x_wconf 91' lang='lat' dir='ltr'>,Si</span> <span class='ocrx_word' id='word_1_310' title='bbox 317 2621 475 2665; x_wconf 87' lang='lat' dir='ltr'>aliquem</span> <span class='ocrx_word' id='word_1_311' title='bbox 501 2620 580 2655; x_wconf 87' lang='lat' dir='ltr'>sine</span> <span class='ocrx_word' id='word_1_312' title='bbox 606 2619 818 2662; x_wconf 82' lang='lat' dir='ltr'>suspicione</span> <span class='ocrx_word' id='word_1_313' title='bbox 840 2619 1115 2662; x_wconf 85' lang='lat' dir='ltr'>accusaveritis,</span> <span class='ocrx_word' id='word_1_314' title='bbox 1143 2618 1249 2654; x_wconf 82' lang='lat' dir='ltr'>vobis</span> <span class='ocrx_word' id='word_1_315' title='bbox 1269 2628 1375 2653; x_wconf 87' lang='lat' dir='ltr'>crura</span> <span class='ocrx_word' id='word_1_316' title='bbox 1393 2617 1630 2663; x_wconf 83' lang='lat' dir='ltr'>frangantur!</span> <span class='ocrx_word' id='word_1_317' title='bbox 1658 2618 1736 2653; x_wconf 88' lang='lat' dir='ltr'>Lit-</span> 
     </span>
     <span class='ocr_line' id='line_1_38' title="bbox 239 2676 1734 2725; baseline -0.003 -10"><span class='ocrx_word' id='word_1_318' title='bbox 239 2684 354 2715; x_wconf 86' lang='lat' dir='ltr'>teram</span> <span class='ocrx_word' id='word_1_319' title='bbox 373 2681 406 2725; x_wconf 74' lang='lat'>4)</span> <span class='ocrx_word' id='word_1_320' title='bbox 438 2680 467 2714; x_wconf 87' lang='grc' dir='ltr'>Κ</span> <span class='ocrx_word' id='word_1_321' title='bbox 495 2679 548 2714; x_wconf 90' lang='lat' dir='ltr'>sic</span> <span class='ocrx_word' id='word_1_322' title='bbox 574 2678 727 2722; x_wconf 71' lang='lat' dir='ltr'>odistis,</span> <span class='ocrx_word' id='word_1_323' title='bbox 753 2683 793 2713; x_wconf 83' lang='lat' dir='ltr'>ut</span> <span class='ocrx_word' id='word_1_324' title='bbox 819 2679 928 2712; x_wconf 86' lang='lat' dir='ltr'>etiam</span> <span class='ocrx_word' id='word_1_325' title='bbox 955 2688 1020 2722; x_wconf 88' lang='lat' dir='ltr'>per</span> <span class='ocrx_word' id='word_1_326' title='bbox 1044 2678 1164 2720; x_wconf 88' lang='lat' dir='ltr'>ipsam</span> <span class='ocrx_word' id='word_1_327' title='bbox 1192 2676 1342 2722; x_wconf 87' lang='lat' dir='ltr'>fugiatis</span> <span class='ocrx_word' id='word_1_328' title='bbox 1368 2677 1588 2721; x_wconf 80' lang='lat' dir='ltr'>Kalendas‘3</span> <span class='ocrx_word' id='word_1_329' title='bbox 1624 2687 1734 2721; x_wconf 87' lang='lat' dir='ltr'>prop—</span> 
     </span>
     <span class='ocr_line' id='line_1_39' title="bbox 237 2737 1075 2782; baseline -0.004 -8"><span class='ocrx_word' id='word_1_330' title='bbox 237 2743 341 2774; x_wconf 81' lang='lat' dir='ltr'>terea</span> <span class='ocrx_word' id='word_1_331' title='bbox 367 2738 464 2782; x_wconf 87' lang='lat' dir='ltr'>quod</span> <span class='ocrx_word' id='word_1_332' title='bbox 492 2737 682 2773; x_wconf 84' lang='lat' dir='ltr'>Kalendae</span> <span class='ocrx_word' id='word_1_333' title='bbox 708 2748 774 2782; x_wconf 90' lang='lat' dir='ltr'>per</span> <span class='ocrx_word' id='word_1_334' title='bbox 800 2738 830 2771; x_wconf 77' lang='lat' dir='ltr'>K</span> <span class='ocrx_word' id='word_1_335' title='bbox 858 2737 1075 2772; x_wconf 90' lang='lat' dir='ltr'>scribuntur.</span> 
     </span>
    </p>
   </div>
   <div class='ocr_carea' id='block_1_8' title="bbox 240 2810 458 2817">
    <p class='ocr_par' dir='ltr' id='par_1_8' title="bbox 240 2810 458 2817">
     <span class='ocr_line' id='line_1_40' title="bbox 240 2810 458 2817; baseline 0 0"><span class='ocrx_word' id='word_1_336' title='bbox 240 2810 458 2817; x_wconf 95' lang='lat' dir='ltr'> </span> 
     </span>
    </p>
   </div>
   <div class='ocr_carea' id='block_1_9' title="bbox 334 2843 1174 2889">
    <p class='ocr_par' dir='ltr' id='par_1_9' title="bbox 334 2843 1174 2889">
     <span class='ocr_line' id='line_1_41' title="bbox 334 2843 1174 2889; baseline -0.004 -12"><span class='ocrx_word' id='word_1_337' title='bbox 334 2846 370 2889; x_wconf 86' lang='lat'>4&gt;</span> <span class='ocrx_word' id='word_1_338' title='bbox 396 2846 525 2877; x_wconf 82' lang='lat' dir='ltr'>etiam</span> <span class='ocrx_word' id='word_1_339' title='bbox 553 2845 592 2877; x_wconf 89' lang='lat' dir='ltr'>G.</span> <span class='ocrx_word' id='word_1_340' title='bbox 620 2845 696 2885; x_wconf 66' lang='lat' dir='ltr'>Gn,</span> <span class='ocrx_word' id='word_1_341' title='bbox 725 2844 922 2876; x_wconf 79' lang='lat' dir='ltr'>litteram</span> <span class='ocrx_word' id='word_1_342' title='bbox 948 2844 1024 2876; x_wconf 87' lang='lat' dir='ltr'>Sch.</span> <span class='ocrx_word' id='word_1_343' title='bbox 1052 2843 1105 2875; x_wconf 84' lang='lat' dir='ltr'>Or.</span> <span class='ocrx_word' id='word_1_344' title='bbox 1136 2843 1174 2874; x_wconf 93' lang='lat' dir='ltr'>B.</span> 
     </span>
    </p>
   </div>
  </div>
 </body>
</html>
