1820 3068
208 130 262 174 [50
610 130 682 165 Pro
709 129 792 165 Sex.
819 130 955 165 Roscio
985 140 1013 164 c.
1041 131 1085 166 33
1113 132 1131 171 ἓ
1159 130 1310 166 91—92.

207 243 302 284 Non
333 255 504 284 necesse
545 246 607 284 est
650 255 793 283 omnes
825 253 1148 282 commemorare
1181 239 1365 291 Curtios,
1409 239 1586 291 Marios,
1631 239 1701 280 de-

208 309 331 361 nique
361 310 679 360 †Mammaeos,
720 321 823 361 quos
855 308 937 347 iam
969 311 1086 348 aetas
1117 319 1141 346 a
1171 306 1340 359 proeliis
1373 305 1599 355 avocabat,
1630 317 1701 359 po-

208 380 361 416 stremo
392 375 614 425 ‚Priamum
645 375 779 427 ipsum
810 377 980 424 senens,
1012 371 1257 424 Antistium,
1304 385 1425 426 quem
1462 385 1544 412 non
1579 371 1703 412 modo

209 446 338 491 aetas,
368 440 442 482 sed
473 441 597 481 etiam
628 441 744 492 leges
776 452 965 493 pugnare
997 439 1287 492 prohibebant.
1327 439 1415 479 Iam
1447 451 1551 491 quos
1582 450 1703 478 nemo

208 512 378 562 propter
407 507 710 560 ignobilitatem
741 506 948 558 nominat,
994 505 1174 546 sescenti
1207 509 1322 557 sunt,
1362 504 1431 558 qui
1462 505 1567 545 inter
1599 504 1704 544 sica-

209 574 292 615 rios
330 579 369 614 et
416 573 467 613 de
512 572 724 613 veneficiis
766 571 1045 625 accusabant3
1096 572 1163 624 qui
1198 585 1365 623 omnes,
1415 570 1525 624 quod
1555 570 1609 610 ad
1639 582 1704 610 me

210 640 367 691 attinet,
399 639 547 679 vellem
579 638 777 679 viverent.
829 637 942 678 Nihil
976 637 1083 678 enim
1114 638 1213 678 mali
1245 642 1308 678 est
1338 650 1463 679 canes
1493 637 1549 678 ibi
1581 649 1704 689 quam

211 707 411 760 plurimos
458 717 569 754 esse,
616 704 685 744 ubi
729 704 921 757 permulti
967 703 1219 745 observandi
1257 704 1467 756 multaque
1498 701 1707 744 servanda

163 778 317 814 ⁹1sunt.
359 771 522 823 Verum,
555 775 595 811 ut
627 769 681 821 fit,
714 771 842 811 multa
872 782 1000 824 saepe
1031 769 1362 824 imprudentibus
1386 768 1707 823 imperatoribus

211 839 273 879 vis
305 838 400 879 belli
433 850 482 878 ac
511 837 633 877 turba
663 837 840 877 molitur.
903 837 1010 877 Dum
1042 836 1076 876 is
1115 836 1156 876 in
1187 836 1280 877 aliis
1312 836 1435 877 rebus
1466 839 1557 877 erat
1588 848 1705 876 occu-

211 910 355 959 patus,
388 903 456 956 qui
489 916 693 944 summam
725 916 861 943 rerum
892 902 1234 954 administrabat,
1280 907 1398 943 erant
1428 902 1608 954 interea,
1640 900 1708 955 qui

212 970 297 1013 suis
328 969 567 1011 vulneribus
598 969 881 1020 mederentur3
929 968 1020 1021 qui,
1059 973 1271 1022 tamquam
1315 969 1348 1009 si
1382 968 1516 1009 offusa
1544 967 1603 1009 rei
1635 980 1708 1019 pu-

212 1038 345 1078 blicae
377 1036 631 1089 sempiterna
668 1049 751 1076 nox
788 1042 920 1086 esset,
966 1035 1024 1076 ita
1053 1035 1229 1076 ruebant
1266 1035 1306 1075 in
1337 1035 1519 1075 tenebris
1552 1034 1708 1075 omnia-

212 1117 291 1157 que
339 1102 590 1155 miscebant3
636 1115 659 1142 a
691 1101 839 1153 quibus
887 1101 1034 1152 miror,
1080 1115 1130 1142 ne
1163 1101 1273 1154 quod
1317 1101 1562 1142 iudiciorum
1600 1105 1710 1141 esset

211 1169 446 1223 vestigium,
478 1181 558 1209 non
590 1168 790 1209 subsellia
823 1181 987 1221 quoque
1019 1180 1111 1209 esse
1143 1168 1379 1219 combusta3
1413 1181 1508 1208 nam
1530 1172 1569 1209 et
1591 1179 1710 1208 accu-

212 1241 373 1278 satores
424 1239 463 1276 et
508 1234 667 1275 iudices
699 1235 965 1276 sustulerunt.
1024 1234 1114 1275 Hoc
1146 1234 1351 1275 commodi
1384 1238 1467 1285 est,
1513 1233 1621 1286 quod
1654 1233 1712 1273 ita

212 1303 415 1354 vixerunt,
447 1306 489 1342 ut
519 1306 646 1342 testes
670 1314 828 1353 omnes,
860 1302 893 1341 si
918 1305 1128 1354 cuperent,
1160 1300 1391 1342 interficere
1414 1313 1496 1342 non
1519 1303 1710 1353 possent3

211 1382 322 1421 nam,
353 1368 449 1409 dum
479 1367 691 1409 hominum
723 1380 855 1420 genus
886 1367 983 1420 erit,
1015 1367 1081 1420 qui
1115 1372 1282 1408 accuset
1313 1380 1406 1418 eos,
1444 1379 1526 1407 non
1558 1365 1710 1417 deerit3

213 1435 310 1476 dum
341 1435 488 1476 civitas
521 1434 620 1485 erit,
662 1433 817 1474 iudicia
848 1433 959 1475 fient.
1019 1434 1193 1483 Verum,
1240 1437 1282 1474 ut
1313 1432 1432 1486 coepi
1464 1432 1627 1485 dicere,
1673 1436 1712 1473 et

211 1501 399 1552 Erucius,
430 1501 536 1542 haec
566 1501 600 1541 si
631 1501 805 1541 haberet
833 1500 874 1540 in
902 1513 1042 1552 causa,
1074 1513 1180 1553 quae
1206 1499 1539 1549 commemoravi,
1570 1502 1714 1553 posset

214 1581 264 1610 ea
295 1568 484 1620 quamvis
517 1567 586 1608 diu
617 1566 770 1619 dicere,
804 1571 843 1608 et
863 1580 954 1620 ego,
987 1566 1159 1617 iudices,
1190 1579 1384 1620 possum3
1419 1565 1552 1607 sedin
1573 1566 1712 1607 animo

215 1639 299 1685 est,
344 1647 465 1686 quem
512 1634 564 1674 ad
595 1633 761 1674 modum
791 1638 886 1674 ante
918 1633 1024 1685 dixi,
1073 1633 1219 1674 leviter
1264 1632 1441 1673 transire
1473 1645 1523 1673 ac
1554 1636 1712 1672 tantum

213 1700 336 1742 modo
367 1700 649 1754 perstringere
680 1712 803 1740 unam
836 1713 1041 1752 quamque
1072 1712 1178 1751 rem,
1219 1703 1262 1740 ut
1293 1711 1437 1740 omnes
1468 1698 1714 1752 intellegant

214 1780 278 1808 me
309 1780 390 1807 non
423 1766 559 1807 studio
592 1779 806 1817 accusare,
840 1766 913 1806 sed
945 1766 1083 1807 officio
1115 1765 1356 1806 defendere.

166 1832 201 1857 9²
323 1832 528 1874 XXXIII.
561 1832 695 1873 Video
726 1831 852 1885 igitur
883 1845 1034 1873 causas
1065 1844 1156 1873 esse
1187 1831 1427 1886 permultas,
1460 1843 1567 1883 quae
1590 1830 1714 1872 istum

314 1970 456 2004 Testem.
485 1971 552 2004 vet.

311 2032 329 2069 ἓ
357 2030 412 2065 91.
462 2027 680 2062 Arusian.
716 2027 848 2061 Mess.
878 2026 946 2060 VII
973 2037 1007 2070 p.
1034 2027 1122 2068 485,
1152 2027 1196 2062 17
1238 2025 1332 2060 Illud
1370 2025 1641 2060 Tullianum
1679 2035 1714 2068 p.

217 2088 343 2122 Rosc.:
371 2087 445 2130 ,qui
471 2090 657 2130 tamquam
684 2085 715 2120 si
741 2086 864 2119 offusa
888 2085 979 2128 reip.
1006 2085 1233 2128 sempiterna
1258 2095 1331 2118 nox
1349 2089 1462 2126 esset,
1491 2084 1543 2118 ita
1560 2083 1716 2119 ruebant

215 2146 250 2180 in
276 2145 439 2181 tenebris
475 2145 671 2188 omniaque
711 2143 929 2178 miscebant‘
968 2143 1005 2177 id
1043 2148 1101 2179 est
1134 2154 1206 2177 non
1246 2144 1281 2178 in
1309 2142 1483 2178 tenebras
1511 2143 1557 2177 de
1585 2143 1716 2177 illustri

217 2205 341 2249 aliquo
378 2204 461 2238 loco
495 2203 666 2245 ruebant,
711 2202 775 2238 sed
809 2203 923 2237 veluti
962 2203 999 2236 in
1034 2202 1197 2238 tenebris
1224 2207 1535 2238 conversarentur
1559 2201 1716 2237 ruebant

217 2264 351 2307 offusa,
380 2263 516 2307 quippe
543 2261 782 2302 circumdata,
810 2265 918 2296 nocte
943 2261 1032 2304 reip.

311 2333 430 2367 Schol.
462 2332 524 2367 Gr.

217 2392 309 2426 stius
328 2393 362 2435 ¹)
394 2391 502 2426 dixit:
537 2401 634 2434 ,mox
658 2393 762 2425 tanta
783 2388 923 2434 flagitia
956 2388 992 2422 111
1018 2388 1084 2423 tali
1109 2388 1188 2424 viro
1225 2388 1340 2432 pudet
1366 2387 1512 2424 dicere‘.
1562 2388 1716 2434 Frugies

217 2454 338 2486 autem
364 2449 534 2484 dicuntur
561 2448 780 2489 infamesss).

312 2508 522 2552 Curtios,
548 2508 734 2552 Marios]
762 2506 827 2541 Isti
857 2516 983 2541 omnes
1010 2508 1260 2541 accusatores.

314 2567 416 2602 Suis
459 2566 737 2601 vulneribus
770 2565 1083 2608 mederentur]
1125 2564 1193 2605 Qui
1228 2563 1416 2599 debebant
1451 2564 1514 2599 illo
1550 2567 1716 2608 tempore

218 2626 396 2669 pecunias
422 2629 458 2661 et
483 2626 520 2660 in
545 2626 627 2669 ipso
653 2625 809 2659 tumultu
834 2623 1057 2659 occidebant
1083 2622 1284 2657 creditores
1313 2633 1412 2658 suos.

316 2744 348 2781 7)
376 2743 450 2773 hist.
478 2743 494 2772 Ι
520 2744 617 2781 frgm.
648 2745 688 2773 29
716 2743 756 2772 D.
797 2759 839 2763 —
894 2742 930 2782 8)
956 2740 1194 2771 Ebcndicsclbe
1221 2740 1413 2778 Erkliirung
1438 2751 1504 2770 von
1530 2740 1717 2778 Frugies

219 2790 288 2827 gibt
315 2790 366 2820 cin
394 2790 532 2821 Glossar
556 2800 616 2820 aus
643 2791 718 2820 dem
745 2789 821 2819 XII.
839 2790 919 2820 ι11111.
949 2788 1137 2826 (mitgeteilt
1162 2797 1229 2817 von
1254 2787 1291 2817 L.
1309 2787 1439 2825 Miiller,
1466 2787 1605 2818 Jahrbb.
1628 2789 1714 2817 1866

219 2847 251 2876 p.
281 2839 381 2878 397):
408 2837 579 2875 Fruges
607 2837 700 2878 (iiber
725 2846 741 2866 c
768 2837 853 2867 steht
879 2836 904 2877 i)
930 2835 1133 2866 dicuntur
1159 2834 1354 2865 infames.
