1820 3068
203 91 257 134 (34
592 92 662 129 Pro
690 94 773 129 Sex.
799 93 937 129 Roscio
964 104 995 129 ο.
1023 94 1068 130 36
1099 98 1117 135 ἓ
1144 92 1319 130 98—102.

203 203 373 245 sceleris
405 204 664 245 acerbissimi
694 204 966 257 nefariaeque
999 205 1198 246 victoriae
1229 205 1448 246 nuntium?
1480 218 1560 246 non
1592 210 1699 258 orat,

203 275 246 311 ut
275 284 367 311 eam
398 275 559 311 noctem
607 270 850 323 pervigilet,
896 276 937 311 ut
968 271 1138 311 honoris
1172 271 1234 311 sui
1266 284 1393 312 causa
1424 272 1610 323 laboret,
1656 277 1700 313 ut

154 341 188 365 ⁹⁹
203 336 394 390 Capitoni
428 350 551 389 quam
583 336 760 388 primum
792 336 981 377 nuntiet?
1038 336 1145 385 Quid
1177 342 1276 385 erat,
1309 338 1419 391 quod
1450 338 1697 391 Capitonem

202 404 378 456 primum
410 403 515 443 scire
548 403 706 443 voluit?
738 402 891 442 Nescio
923 403 1000 443 nisi
1033 403 1112 443 hoc
1136 402 1270 454 video,
1303 403 1548 456 Capitonem
1570 404 1611 444 in
1635 404 1698 445 his

202 470 321 510 bonis
361 482 452 509 esse
497 469 677 521 socium,
727 467 777 508 de
810 468 940 508 tribus
980 473 1020 509 et
1057 469 1200 510 decem
1240 468 1378 510 fundis
1408 475 1492 511 tres
1527 470 1698 511 nobilis-

137 540 188 565 100
201 536 328 576 simos
360 535 509 575 fundos
541 547 633 574 eum
664 533 786 574 video
817 534 1045 587 possidere.
1084 534 1220 576 Audio
1246 540 1466 589 praeterea
1489 549 1569 576 non
1591 536 1699 578 hanc

201 601 479 654 suspicionem
511 613 618 640 nunc
649 602 824 652 primum
856 601 895 640 in
915 599 1158 654 Capitonem
1191 602 1391 653 conferri,
1422 603 1574 643 multas
1605 614 1698 643 esse

200 668 376 708 infames
393 667 480 707 eius
498 666 675 719 palmas,
694 666 801 707 lianc
819 666 994 719 primam
1009 680 1101 708 esse
1116 672 1254 708 tamen
1272 668 1572 718 lemniscatam,
1592 680 1698 720 quae

199 734 331 774 Roma
357 733 392 773 ei
419 732 652 782 deferatur,
683 732 840 772 nullum
858 733 1024 773 modum
1044 746 1136 774 esse
1156 733 1334 774 hominis
1355 733 1586 786 occidendi,
1616 746 1697 786 quo

199 800 268 840 ille
300 812 380 839 non
413 799 572 850 aliquot
602 798 813 848 occiderit,
843 800 994 839 multos
1025 799 1146 849 ferro⁷
1178 801 1329 840 multos
1348 813 1527 853 veneno3
1561 799 1697 840 habeo

199 866 322 907 etiam
356 865 515 915 dicere,
561 877 682 916 quem
729 870 873 905 contra
910 878 1065 906 morem
1111 866 1312 907 maiorum
1344 866 1546 907 minorem
1578 866 1697 906 annis

199 931 422 984 sexaginta
465 930 516 971 de
547 936 671 984 ponte
702 930 742 971 in
773 931 956 972 Tiberim
988 931 1206 983 deiecerit,
1253 946 1381 985 quae,
1427 932 1461 973 si
1495 931 1698 986 prodierit

198 1003 321 1052 atquc
352 998 459 1038 adeo
491 1010 582 1038 cum
613 997 815 1050 prodierit
846 998 950 1050 (scio
975 999 1081 1039 enim
1104 998 1360 1051 proditurum
1386 999 1510 1050 esse),
1543 997 1696 1039 audiet.

134 1071 184 1096 101
200 1065 351 1106 Veniat
380 1064 525 1112 modo,
558 1064 737 1116 explicet
767 1077 885 1104 suum
917 1066 1108 1105 volumen
1147 1065 1270 1116 illud,
1317 1064 1427 1117 quod
1459 1064 1494 1105 ei
1526 1065 1695 1117 planum

198 1132 337 1173 facere
368 1144 537 1184 possum
571 1130 763 1171 Erucium
795 1130 1120 1184 conscripsisse,
1163 1131 1273 1183 quod
1305 1131 1419 1171 aiunt
1447 1131 1564 1171 illum
1597 1131 1693 1172 Sex.

197 1197 348 1238 Roscio
379 1197 609 1238 intentasse
652 1201 691 1237 et
734 1196 965 1238 minitatum
999 1210 1090 1238 esse
1129 1210 1173 1237 se
1202 1197 1342 1238 omnia
1370 1197 1443 1238 illa
1473 1209 1549 1250 pro
1580 1196 1693 1237 testi-

196 1265 335 1305 monio
367 1276 459 1304 esse
491 1263 709 1303 dicturum.
769 1262 804 1304 O
836 1264 1097 1316 praeclarum
1128 1268 1296 1314 testem,
1328 1263 1504 1304 iudices!
1543 1275 1567 1303 o
1598 1276 1692 1316 gra-

197 1332 366 1371 vitatem
398 1329 568 1382 dignam
601 1329 935 1382 exspectatione!
976 1343 998 1371 o
1030 1330 1155 1371 vitam
1188 1329 1406 1370 honestam
1448 1333 1572 1381 atque
1604 1329 1693 1370 eius

197 1397 332 1449 modi,
381 1400 424 1436 ut
454 1395 678 1436 libentibus
710 1395 859 1436 animis
897 1395 951 1436 ad
982 1396 1071 1437 eius
1102 1396 1383 1437 testimonium
1414 1401 1598 1436 vestrum
1628 1395 1692 1436 ius

196 1463 414 1505 iurandum
462 1461 807 1503 accommodetis!
867 1461 1060 1503 Profecto
1102 1476 1184 1503 non
1228 1467 1312 1503 tam
1360 1461 1579 1516 perspicue
1618 1474 1693 1502 nos

195 1531 367 1572 istorum
400 1528 605 1569 maleficia
635 1528 891 1579 videremus,
923 1527 1002 1568 nisi
1033 1528 1147 1582 ipsos
1179 1541 1328 1570 caecos
1358 1528 1551 1570 redderet
1581 1527 1690 1581 cupi-

196 1597 304 1638 ditas
335 1601 374 1637 et
404 1594 582 1636 avaritia
612 1599 652 1635 et
681 1594 872 1635 audacia.

130 1665 182 1690 102
304 1661 504 1702 XXXVI.
564 1660 680 1701 Alter
724 1673 776 1702 ex
806 1661 899 1714 ipsa
943 1660 1072 1702 caede
1110 1662 1321 1702 volucrem
1352 1659 1537 1701 nuntium
1570 1660 1691 1702 Ame-

196 1729 300 1770 riam
332 1728 386 1768 ad
416 1727 572 1768 socium
605 1731 726 1779 atque
757 1727 1002 1779 magistrum
1033 1740 1150 1767 suum
1182 1727 1313 1777 misit,
1344 1731 1398 1777 ut,
1433 1726 1467 1767 si
1499 1726 1691 1768 dissimu-

193 1795 282 1837 lare
314 1806 456 1835 omnes
488 1798 686 1846 cuperent
716 1805 759 1833 se
793 1793 912 1845 scire,
945 1793 997 1833 ad
1030 1806 1150 1845 quem
1178 1792 1426 1834 maleficium
1452 1793 1691 1846 pertineret,

193 1866 331 1902 tamen
360 1861 451 1914 ipse
483 1865 669 1913 apertum
703 1872 820 1900 suum
851 1860 987 1901 scelus
1017 1865 1112 1900 ante
1137 1860 1318 1900 omnium
1342 1860 1484 1899 oculos
1504 1862 1691 1912 poneret.

193 1927 330 1977 Alter,
366 1927 400 1967 si
431 1925 494 1966 dis
522 1917 827 1966 immortalibus
858 1927 1021 1979 placet,
1052 1925 1331 1967 testimonium
1364 1924 1489 1965 etiam
1520 1924 1560 1964 in
1592 1924 1690 1965 Sex.

193 1993 388 2035 Roscium
419 1992 602 2033 dicturus
631 1997 715 2045 est3
760 1993 879 2045 quasi
911 2005 1009 2034 vero
1040 1992 1082 2033 id
1114 2004 1222 2032 nunc
1252 1994 1423 2044 agatur,
1468 1993 1624 2040 utrum,
1655 1988 1691 2030 is

291 2161 433 2195 Testem.
461 2163 528 2194 vet.

287 2219 407 2253 Schol.
438 2218 501 2252 Gr.

192 2278 367 2313 Roscium
396 2277 580 2311 Achillem
607 2275 710 2319 dicit,
750 2276 941 2311 Glauciam
969 2276 1299 2318 Automedontem,
1332 2278 1596 2319 posteaquam,
1634 2273 1687 2308 in-

193 2336 282 2379 quit,
310 2336 458 2371 occisus
486 2341 543 2370 est
569 2336 727 2370 Roscius
744 2337 792 2380 ¹).

285 2398 303 2436 ἓ
330 2397 407 2431 101.
459 2395 592 2429 Suum
619 2394 848 2438 volumen]
885 2393 978 2435 Quia
1008 2393 1256 2428 testimonium
1293 2395 1423 2426 contra
1447 2391 1621 2426 Roscium
1647 2400 1687 2425 se

191 2452 371 2488 dicturum
398 2453 659 2497 pollicebatur.

284 2512 380 2556 Kap.
407 2512 564 2547 XXXVI
592 2515 610 2553 ξ
644 2513 720 2548 102.
763 2509 898 2546 Alter
925 2520 978 2545 ex
1004 2510 1105 2554 ipsa
1130 2508 1285 2553 caede]
1314 2508 1488 2544 Roscium
1514 2509 1686 2552 Magnum

191 2570 291 2605 dicit.

285 2628 443 2671 Alter,
470 2629 508 2664 si
535 2628 608 2663 dis
635 2626 991 2671 immortalibus]
1020 2626 1237 2671 Capitonem
1265 2625 1364 2660 dicit.

286 2750 322 2791 1>
348 2750 387 2781 Ε.
414 2760 444 2791 p.
474 2753 514 2782 21
542 2749 609 2781 will
635 2749 722 2781 nach
748 2751 811 2780 den
837 2748 958 2780 letzten
981 2748 1122 2780 Worten
1148 2748 1311 2786 anstigen:
1340 2746 1383 2786 ,in
1407 2755 1506 2777 curru
1530 2745 1683 2776 conloca-

190 2801 242 2828 tui·
268 2797 433 2830 Glaucia‘.
