1820 3068
169 114 243 157 11⁸2
568 116 773 152 Kritischer
802 117 965 162 Anhang
991 120 1009 158 ξ
1039 119 1238 155 122—126.

273 229 298 278 ξ
322 227 413 270 122.
444 229 817 279 quaestionem
848 229 908 270 de
939 229 1017 270 his
1049 229 1184 282 codd.‚
1215 229 1381 283 Eberh.,
1414 230 1564 282 Siesb.,
1594 230 1662 272 iis

164 293 289 334 Halm
319 294 372 344 ΙΙ,
403 294 633 347 Fleckeis,
665 295 828 336 Miiller.

274 361 298 411 ξ
330 360 420 402 123.
457 374 563 402 cum
595 361 790 403 caedes
821 362 966 402 facta
995 361 1062 402 sit
1093 361 1227 414 codd.‚
1259 361 1480 415 Fleckeis„
1514 362 1662 415 Siesb.,

163 425 332 478 Muller,
379 427 560 468 welcher
602 427 834 480 vergleicht
864 428 979 469 Verr.
1010 428 1075 468 III
1106 430 1131 479 ξ
1163 428 1241 470 129
1271 428 1460 470 Dioclem
1493 442 1664 483 suspen—

164 492 275 534 disse
307 505 351 533 se
384 498 568 546 constat,
615 506 696 545 quo
728 493 794 535 die
836 494 904 534 sit
948 493 984 535 ei
1016 494 1245 535 nuntiatum
1280 495 1509 548 Apronium
1540 495 1662 537 decu-

164 571 253 600 mas
272 559 513 612 redemisse,
546 560 628 600 und
661 560 765 601 (lazu
796 559 986 601 bemerkt
1016 560 1112 601 adn.
1130 575 1170 614 p.
1189 560 1410 603 LXXVIII
1440 575 1534 611 ,non
1566 562 1664 613 quid

163 626 317 666 sactum
351 638 441 666 esse
473 630 633 667 constet
676 627 856 678 quodam
900 631 1086 680 tempore
1127 628 1262 680 magis
1294 628 1394 669 dicit
1424 628 1507 670 Cic.
1540 641 1663 680 quam

164 705 244 743 quo
275 696 483 745 tempore,
532 692 557 732 i.
590 705 624 733 e.
670 706 752 745 qua
790 693 841 734 de
880 685 1008 734 causa
1040 698 1201 734 constet
1231 694 1386 736 factum
1419 699 1538 736 esse‘.
1599 695 1665 735 Da

164 759 271 799 auch
304 758 377 799 der
408 758 548 799 Schol.
580 758 655 799 mit
684 759 765 800 den
786 759 956 800 Worten
987 759 1070 811 ,qui
1104 760 1295 801 dicuntur
1326 761 1509 814 affuisse,
1541 774 1664 813 quum

165 825 315 867 caedes
358 825 470 866 facta
513 825 598 866 sit‘
643 826 731 866 sich
763 825 953 867 ziemlieh
987 838 1125 878 genau
1156 839 1208 867 an
1240 826 1320 867 den
1352 828 1529 869 ciceron.
1560 829 1667 869 Text

163 892 363 944 anlehnt,
411 904 457 932 so
504 891 612 933 habe
651 892 716 933 ich
748 893 857 934 mich
890 892 956 933 fiir
986 891 1296 946 Beibehaltung
1326 893 1400 935 des
1432 894 1665 936 hdschriftl.

163 959 233 1000 sit
263 957 560 1010 entschieden3
593 963 672 1000 est
699 959 823 1000 Halm
856 959 939 1000 und
970 958 1036 1000 die
1069 959 1244 1012 ‘librigen
1275 960 1482 1014 Herausg.
1514 985 1565 991 —
1596 961 1664 1002 in-

163 1025 337 1067 veniri
370 1025 587 1078 Pluygers,
618 1025 772 1079 Kays.,
806 1026 972 1078 Eberh.,
1004 1025 1127 1066 Halm
1158 1026 1212 1078 Π,
1244 1026 1464 1080 Fleckeis.‚
1496 1027 1663 1079 Miiller;

161 1092 405 1133 invenire
424 1091 558 1144 codd,
579 1091 704 1132 Halm
720 1093 752 1145 Ι,
772 1092 906 1134 Siesb.
930 1118 983 1122 —
1002 1092 1060 1133 de
1092 1105 1191 1133 una
1222 1106 1432 1146 quaque
1463 1094 1586 1135 Halm
1608 1095 1663 1146 II,

163 1159 265 1200 aber
295 1159 335 1198 in
368 1157 441 1199 der
471 1158 507 1200 9.
538 1157 645 1198 Aufl.
678 1159 862 1200 schreibt
894 1173 938 1200 er
968 1172 1068 1200 una
1098 1172 1352 1212 quaeque.
1385 1185 1433 1190 —
1482 1174 1663 1216 coepe-

163 1226 256 1266 rim
286 1224 439 1266 Eberh.
471 1224 579 1265 nach
611 1224 795 1277 Weiske,
828 1226 880 1267 cf.
914 1226 952 1266 d.
977 1225 1134 1278 Belege
1167 1226 1232 1266 fiir
1264 1226 1340 1267 das
1372 1227 1663 1269 handschriftl.

163 1304 389 1346 coepero
419 1291 485 1332 bei
518 1290 665 1332 Miiller
696 1291 792 1332 adn.
825 1306 865 1346 p.
896 1291 992 1334 XX.

273 1358 421 1410 §124
468 1357 604 1398 illud
640 1371 822 1400 nomen
860 1371 1076 1400 aureum
1122 1358 1489 1417 [Chrysogoni]
1524 1360 1663 1402 Weid-

162 1438 252 1466 ner
294 1424 400 1465 Phil.
440 1423 620 1476 XXXV,
668 1425 769 1477 719,
800 1425 955 1478 Kays„
995 1424 1202 1467 Fleckeis.
1262 1426 1431 1479 Richtig
1475 1426 1665 1468 bemerkt

162 1492 358 1545 dagegen
376 1490 544 1532 Muller:
577 1492 696 1542 quasi
729 1505 828 1533 vero
859 1505 1048 1533 nomen
1080 1505 1291 1534 aureum
1324 1492 1662 1547 Chrysogoni

162 1571 243 1599 non
275 1558 329 1598 sit
358 1557 674 1610 ,Chrysogonus
706 1572 796 1600 cum
829 1571 957 1600 aureo
989 1558 1182 1600 nomine‘.

271 1623 420 1676 §1252
468 1624 520 1665 Si
551 1624 683 1665 enim
715 1624 845 1666 haec
875 1625 1166 1666 audientur
1197 1638 1254 1666 ac
1284 1626 1453 1667 libere
1483 1626 1662 1668 dicen-

162 1696 244 1731 tur
277 1692 341 1743 (et
371 1690 543 1732 libere
574 1690 622 1740 G,
655 1691 908 1733 dicuntur
938 1692 1012 1745 M.)
1046 1692 1180 1745 codd.‚
1210 1693 1335 1734 Halm
1354 1692 1406 1743 ΙΙ,
1440 1692 1662 1745 Fleckeis.‚

163 1757 326 1808 Siesb.;
370 1756 648 1798 audaciter
688 1763 787 1799 statt
828 1759 1118 1800 audientur
1148 1760 1211 1800 138
1242 1759 1411 1800 Richter
1440 1759 1524 1800 und
1554 1760 1661 1801 nach

162 1824 247 1865 ihm
278 1823 448 1875 Mffller,
490 1824 785 1877 prudenter
819 1825 958 1879 (‚oder
987 1825 1094 1866 noch
1126 1826 1257 1867 lieber
1287 1826 1515 1867 audente
1530 1827 1582 1878 r‘)
1614 1839 1664 1867 ac

162 1891 294 1932 libere
324 1890 631 1931 iudicentur
663 1891 814 1933 Eberh.
875 1891 949 1933 Mit
979 1892 1127 1934 Miiller
1157 1892 1306 1934 nehme
1337 1892 1404 1933 ich
1436 1893 1502 1934 die
1519 1892 1662 1934 Worte

163 1957 206 1999 si
247 1970 635 2009 conqueramur
678 1958 740 1999 als
782 1959 1052 2000 Parenthese.
1113 1958 1213 1999 Was
1245 1958 1311 2000 die
1343 1958 1486 2000 Worte
1531 1959 1663 2000 selbst

163 2024 332 2077 angeht,
365 2036 411 2064 so
443 2023 536 2064 sind
566 2024 626 2065 sie
658 2024 870 2066 vielleicht
900 2039 980 2066 von
1007 2025 1091 2066 Cic.
1123 2025 1373 2067 absichtlich
1405 2025 1561 2067 dunkel
1591 2038 1662 2079 ge-

163 2090 324 2141 halten,
364 2089 472 2131 doch
503 2090 695 2131 vermisst
725 2105 820 2132 man
852 2105 926 2132 vor
957 2092 1244 2133 audientur
1281 2092 1400 2133 einen
1432 2091 1662 2145 irgendwie

162 2156 256 2198 dem
302 2157 470 2197 libere
517 2156 582 2198 bei
625 2156 872 2199 dicentur
916 2158 1276 2212 entsprechenden
1323 2159 1502 2210 Zusatz,
1555 2162 1664 2200 etwa

162 2223 416 2274 libenter,
448 2223 630 2264 welches
655 2223 908 2265 Adverbium
928 2224 1051 2266 Arch.
1079 2225 1144 2277 20,
1177 2225 1258 2266 div.
1282 2225 1403 2267 Caes.
1421 2225 1486 2278 39,
1517 2225 1660 2267 Planc.

162 2290 227 2341 44,
260 2289 367 2329 Phil.
400 2289 463 2339 13,
493 2288 545 2331 36
577 2289 650 2330 mit
680 2290 866 2331 audire
898 2291 1139 2333 verbunden
1169 2291 1244 2342 ist;
1292 2292 1344 2333 cf.
1375 2291 1521 2345 parad.
1553 2292 1590 2344 ξ),
1624 2294 1660 2343 1,

162 2356 216 2397 34
246 2355 348 2395 nihil
379 2354 479 2396 dicit
607 2355 686 2396 nisi
718 2357 955 2398 libenter
994 2370 1054 2398 ac
1085 2357 1271 2398 libere.

272 2424 296 2472 ξ
330 2421 421 2463 126.
454 2422 778 2463 recessimus
810 2423 907 2477 (wie
937 2425 961 2474 ξ
981 2424 1046 2475 16)
1078 2423 1267 2476 Richter,
1298 2423 1526 2476 Fleckeis.,
1557 2423 1659 2465 Mul-

163 2489 245 2541 le1·;
295 2493 636 2529 recesserunt
682 2489 825 2542 codd.‚
873 2489 1028 2542 Siesb.;
1082 2503 1347 2531 recessum
1395 2494 1475 2531 est
1524 2490 1661 2543 Vulg.,

164 2554 289 2595 Halm
319 2554 373 2606 ΙΙ,
404 2553 558 2595 Eberh.
591 2578 642 2583 ——
673 2568 809 2597 more
842 2556 907 2596 fiir
937 2555 1083 2598 modo
1116 2555 1301 2608 Ernesti,
1334 2555 1476 2609 Kays„
1507 2556 1659 2597 Eberh.

164 2622 279 2675 (leet.
311 2621 417 2662 Tull.
450 2633 489 2674 p.
522 2621 590 2662 15:
623 2633 720 2673 ,non
751 2623 917 2675 negabo
949 2622 1075 2675 igitur
1098 2622 1342 2664 Ciceronem
1372 2622 1506 2663 minus
1539 2635 1658 2663 aecu-

163 2693 251 2729 rate
283 2702 320 2729 v.
352 2700 489 2728 more
536 2687 718 2729 scribere
748 2689 960 2741 potuisse:
994 2689 1067 2730 sed
1098 2688 1235 2742 agitur
1277 2701 1411 2730 more
1456 2688 1497 2729 in
1536 2689 1660 2730 rebus

164 2754 300 2795 minus
325 2753 547 2807 gravibus,
580 2767 671 2795 cum
702 2755 812 2796 bona
841 2754 1124 2808 publicantur,
1170 2755 1318 2808 credo,
1364 2755 1470 2796 iure
1500 2759 1659 2796 tantum

165 2825 204 2864 et
234 2821 366 2873 lege.
429 2820 585 2862 Morem
616 2821 723 2863 enim
757 2822 975 2875 quominus
1001 2826 1112 2864 arcte
1136 2835 1225 2864 cum
1259 2822 1366 2863 iure
1398 2822 1659 2863 coniunctum
