1820 3068
491 164 562 200 Pro
588 164 671 200 Sex.
698 165 834 200 Roscio
860 176 889 200 c.
917 166 960 201 53
990 170 1008 207 ξ
1036 166 1233 202 lot—453.
1554 166 1608 207 83

110 288 232 328 quam
264 275 303 315 in
349 275 428 317 hac
466 280 582 316 tanta
613 275 871 317 immanitate
903 276 1074 317 versari.
1135 275 1201 316 Ad
1240 288 1386 317 eamne
1416 289 1501 316 rem
1532 288 1607 317 vos
1623 289 1673 313 151

111 342 312 382 reservati
344 342 462 393 estis,
496 341 549 382 ad
583 355 729 383 eamne
761 355 845 383 rem
878 341 1049 394 delecti,
1081 346 1124 383 ut
1154 355 1225 383 003
1259 341 1605 393 condemnaretis,

110 420 214 460 quos
244 413 428 450 sectores
458 422 508 450 ac
539 408 677 450 sicarii
712 408 901 461 iugulare
934 422 1016 450 non
1047 408 1314 462 potuissent?
1352 408 1497 450 Solent
1528 408 1607 449 hoc

110 474 206 514 boni
240 475 513 528 imperatores
544 474 703 527 facere,
745 488 835 515 cum
866 475 1070 528 proelium
1103 475 1382 527 committunt,
1414 478 1457 514 ut
1487 473 1527 514 in
1558 487 1606 515 eo

109 541 218 591 1000,
264 554 344 594 000
375 541 518 594 fugam
549 541 730 582 hostium
763 541 851 581 fore
882 541 1152 592 arbitrentur,
1198 541 1350 582 milites
1389 540 1606 593 collocent,

109 607 149 647 in
182 620 304 659 quos,
336 607 371 648 si
403 607 471 660 qui
503 621 554 648 ex
585 607 674 648 acie
706 607 906 660 fugerint,
939 607 990 649 de
1021 607 1248 662 improviso
1279 606 1477 648 incidant.
1535 606 1606 645 Ni-

109 673 255 717 mirum
287 672 476 715 similiter
521 674 774 715 arbitrantur
808 673 885 719 isti
920 674 1121 715 bonorum
1166 679 1374 728 emptores
1412 685 1486 713 vos
1526 672 1606 725 hic,

108 741 215 781 tales
246 740 380 791 viros,
412 739 578 789 sedere,
616 740 684 793 qui
717 740 937 793 excipiatis
978 753 1069 792 eos,
1117 740 1185 794 qui
1217 740 1267 782 (10
1299 740 1384 781 3013
1415 739 1607 780 manibus

109 805 342 859 effugerint.
402 806 454 846 Di
496 807 766 860 prohibeant,
810 806 991 858 iudices,
1037 820 1088 848 00
1129 808 1229 858 hoe,
1273 806 1383 859 quod
1428 805 1607 847 maiores

109 872 326 913 consilium
372 873 582 926 publicum
615 873 756 914 vocari
806 873 1046 925 voluerunt,
1095 873 1353 928 praesidium
1399 877 1605 913 sectorum

109 938 386 980 existimetur!
430 940 493 980 An
525 953 637 992 vero,
668 939 841 991 iudices,
872 952 947 980 vos
979 952 1060 980 non
1091 941 1334 993 intellegitis
1365 938 1468 980 nihil
1493 936 1673 980 aliud1⁵2

108 1005 200 1058 agi,
246 1005 324 1046 nisi
356 1011 398 1046 ut
428 1006 752 1059 proscriptorum
785 1005 903 1046 liberi
936 1007 1083 1058 quavis
1114 1007 1274 1047 ratione
1307 1007 1526 1059 tollantur,
1567 1010 1607 1047 et

107 1071 195 1112 eius
227 1072 282 1112 rei
315 1071 475 1113 initium
506 1071 547 1112 in
578 1076 717 1112 vestro
758 1073 845 1113 iure
875 1072 1050 1113 iurando
1096 1077 1219 1126 atque
1264 1073 1304 1113 in
1336 1073 1432 1114 Sex.
1467 1073 1605 1114 Roscii

106 1138 293 1191 periculo
324 1138 501 1190 quaeri?
557 1138 794 1180 Dubiumne
824 1143 906 1189 est,
953 1139 1005 1179 ad
1048 1152 1168 1191 quem
1200 1139 1450 1181 maleficium
1481 1140 1605 1193 perti-

107 1208 224 1255 neat,
257 1218 347 1245 cum
378 1204 557 1245 videatis
589 1218 640 1246 ex
671 1206 803 1246 altera
832 1209 951 1259 parte
983 1209 1206 1258 sectorem,
1238 1206 1470 1258 inimicum,
1503 1206 1606 1247 sica-

106 1270 210 1311 rium
253 1271 512 1328 eundemque
557 1276 842 1312 accusatorem
876 1272 954 1312 1100
991 1276 1196 1326 tempore,
1242 1285 1292 1313 ex
1325 1274 1458 1313 altera
1488 1277 1606 1326 parte

108 1341 312 1390 egentem,
344 1337 563 1391 probatum
587 1338 673 1378 suis
696 1337 840 1390 filium,
871 1338 911 1378 in
944 1351 1024 1390 quo
1057 1352 1138 1379 non
1170 1339 1293 1379 modo
1325 1339 1449 1391 eulpa
1478 1339 1605 1390 nulla,

108 1403 183 1445 sed
224 1417 275 1445 ne
329 1404 511 1458 suspicio
558 1404 723 1457 quidem
780 1404 915 1458 potuit
959 1405 1221 1446 consistere?
1284 1405 1495 1457 Numquid
1540 1406 1606 1446 hie

108 1470 220 1512 aliud
250 1470 402 1512 videtis
441 1471 608 1513 obstare
639 1472 735 1513 Sex,
767 1472 942 1525 Roscio,
982 1471 1062 1512 nisi
1094 1471 1205 1524 quod
1235 1471 1366 1525 patris
1398 1472 1508 1512 bona
1538 1485 1605 1514 ve-

106 1535 300 1578 nierunt‘?

215 1602 327 1644 LIII.
387 1603 545 1652 Quodsi
585 1603 627 1643 id
667 1617 741 1644 vos
772 1604 983 1658 suscipitis
1030 1609 1069 1646 et
1100 1604 1153 1645 ad
1184 1618 1276 1646 eam
1317 1617 1402 1645 rem
1434 1617 1604 1657 operam
1622 1616 1673 1641 153

104 1673 285 1711 vestram
316 1668 588 1723 profitemini,
637 1670 669 1710 si
701 1670 856 1711 idcirco
888 1671 1065 1722 sedetis,
1098 1675 1140 1712 ut
1171 1670 1225 1711 ad
1249 1684 1322 1713 vos
1347 1670 1607 1712 adducantur

106 1749 245 1778 eorum
275 1736 419 1787 liberi,
463 1749 636 1789 quorum
669 1736 780 1778 bona
810 1738 1046 1790 venierunt,
1094 1741 1239 1778 cavete
1284 1750 1359 1791 per
1399 1736 1500 1778 (1003
1532 1737 1604 1777 110-

105 1803 322 1856 mortales,
361 1802 543 1854 iudices,
588 1816 639 1843 ne
678 1816 788 1844 nova
835 1808 874 1844 et
904 1804 1034 1845 multo
1068 1804 1274 1844 crudelior
1305 1817 1377 1858 per
1407 1817 1481 1845 vos
1512 1817 1605 1857 pro-

105 1869 275 1923 scriptio
306 1869 539 1910 instaurata
571 1882 662 1910 esse
695 1869 898 1910 videatur.
959 1870 1078 1910 Illam
1110 1869 1316 1922 priorem,
1357 1883 1463 1922 quae
1494 1870 1608 1912 facta

106 1940 170 1977 est
201 1936 242 1976 in
273 1949 366 1988 eos,
401 1937 468 1989 qui
501 1949 619 1976 arma
649 1948 799 1989 capere
829 1940 1074 1990 potuerunt,
1106 1941 1246 1977 tamen
1278 1942 1446 1978 senatus
1478 1937 1605 1978 susci-

105 2015 204 2056 pere
235 2002 380 2055 noluit,
412 2015 462 2043 ne
493 2002 589 2055 quid
622 2002 773 2055 aerius,
805 2015 928 2055 qnam
961 2015 1074 2043 more
1098 2002 1301 2044 maiorum
1321 2008 1605 2057 comparatum

106 2072 191 2121 est,
235 2068 402 2122 publico
434 2068 608 2109 consilio
640 2068 794 2110 factum
826 2069 1055 2120 videretur,
1099 2069 1208 2110 hanc
1238 2082 1355 2120 ver0‚
1401 2082 1508 2122 quae
1553 2069 1605 2110 ad

106 2148 246 2177 eorum
277 2135 432 2176 liberos
471 2138 595 2187 atque
635 2134 688 2175 ad
727 2134 946 2176 infantium
976 2148 1195 2189 puerorum
1235 2135 1488 2176 incunabula
1514 2149 1604 2190 per-

202 2310 346 2344 Testim.
373 2314 439 2344 vet.

201 2368 321 2403 Schol.
354 2368 416 2403 Gr.

199 2427 292 2471 Kap.
319 2428 383 2461 LII
413 2430 431 2468 ἓ
461 2428 538 2461 152.
598 2426 666 2460 An
693 2436 821 2469 ver0‚
849 2426 1054 2471 iudices]
1091 2427 1200 2461 Modo
1239 2426 1327 2461 dicit
1361 2425 1431 2460 hoc
1464 2430 1605 2460 tantum

107 2495 218 2530 agere
244 2486 420 2529 Roscios,
448 2489 488 2520 ut.
513 2484 582 2519 hoc
609 2485 744 2520 iudicio
768 2486 925 2519 omnium
942 2486 1231 2529 proscriptorum
1250 2486 1505 2520 interimantur
1530 2482 1605 2519 filii.

107 2543 250 2579 Deinde
278 2543 383 2587 dicit,
411 2545 498 2588 quia
523 2548 701 2579 accusant
725 2544 976 2586 innocentem,
1005 2555 1085 2578 0010
1111 2545 1183 2588 ipsi
1211 2544 1395 2579 criminosi
1422 2544 1548 2587 sint').

203 2642 234 2681 1)
261 2642 361 2680 Vulg.
389 2642 495 2680 Dicit,
521 2647 558 2672 ut
582 2643 646 2673 1100
672 2642 794 2673 iudicio
820 2648 855 2672 ut
882 2643 1031 2673 omnium
1058 2654 1087 2683 p.
1115 2643 1134 2673 i.
1164 2644 1182 2673 f.
1211 2643 1340 2673 Deinde
1377 2643 1407 2671 ‹l.
1435 2643 1498 2671 hoe
1525 2647 1547 2672 t.
1575 2652 1603 2671 0.

107 2689 145 2720 R..
179 2689 268 2729 ,quia
293 2694 365 2720 etcf
416 2689 478 2719 Die
505 2690 607 2720 Stellc
634 2690 675 2720 ist
700 2691 849 2730 korrupt,
878 2690 938 2720 wie
963 2700 1023 2720 aus
1049 2692 1123 2720 ‹lem
1150 2691 1287 2730 ‹loppelt
1313 2694 1478 2727 gesetzten
1504 2695 1540 2718 ut
1565 2698 1605 2718 zu

107 2738 245 2767 ersehen
270 2736 320 2767 ist.
371 2736 429 2766 Ich
456 2737 542 2767 habe
582 2737 628 2767 sie
662 2739 748 2768 nach
782 2739 858 2768 dem
891 2738 1030 2768 ciceron.
1058 2739 1147 2767 Text
1183 2738 1403 2767 herzustellen
1440 2737 1602 2766 versueht.

107 2785 178 2814 Vor
202 2785 277 2813 dem
302 2789 409 2814 ersten
436 2784 515 2814 (licit
539 2784 625 2814 habe
651 2784 703 2815 ich
730 2786 853 2814 modo
881 2784 1070 2822 eingesetzt,
1097 2786 1171 2814 (10111
1190 2786 1249 2814 <las
1270 2784 1423 2822 t'olgelnle
1450 2783 1605 2813 deinde

107 2831 298 2871 entspricht.
346 2830 408 2867 ,012
434 2833 501 2861 und
527 2832 566 2862 B.
606 2832 715 2862 haben
749 2842 808 2862 vor
839 2832 918 2862 ‹lieit
952 2833 1011 2862 ‹las
1040 2832 1181 2862 Zeichen
1214 2832 1271 2861 der
1304 2831 1425 2861 Liicke.
1478 2830 1606 2860 Deinde

107 2878 196 2917 (licit,
223 2889 244 2918 q
257 2877 329 2908 uia
355 2890 397 2907 r:
424 2879 511 2916 (lass,
538 2878 598 2909 wie
625 2881 673 2909 oft
698 2879 749 2909 bei
778 2880 853 2909 (10111
880 2879 991 2909 Schol.
