<?xml version="1.0" encoding="UTF-8"?>
<!DOCTYPE html PUBLIC "-//W3C//DTD XHTML 1.0 Transitional//EN"
    "http://www.w3.org/TR/xhtml1/DTD/xhtml1-transitional.dtd">
<html xmlns="http://www.w3.org/1999/xhtml" xml:lang="en" lang="en">
 <head>
  <title>
</title>
<meta http-equiv="Content-Type" content="text/html;charset=utf-8" />
  <meta name='ocr-system' content='tesseract 3.04.00' />
  <meta name='ocr-capabilities' content='ocr_page ocr_carea ocr_par ocr_line ocrx_word'/>
</head>
<body>
  <div class='ocr_page' id='page_1' title='image "./redefrsexrisci00ciceuoft_0038.png"; bbox 0 0 1820 3068; ppageno 0'>
   <div class='ocr_carea' id='block_1_1' title="bbox 193 848 224 872">
    <p class='ocr_par' dir='ltr' id='par_1_1' title="bbox 193 848 224 872">
     <span class='ocr_line' id='line_1_1' title="bbox 193 848 224 872; baseline 0 0"><span class='ocrx_word' id='word_1_1' title='bbox 193 848 224 872; x_wconf 70' lang='lat'>18</span> 
     </span>
    </p>
   </div>
   <div class='ocr_carea' id='block_1_2' title="bbox 236 140 1326 182">
    <p class='ocr_par' dir='ltr' id='par_1_2' title="bbox 236 140 1326 182">
     <span class='ocr_line' id='line_1_2' title="bbox 236 140 1326 182; baseline -0.006 0"><span class='ocrx_word' id='word_1_2' title='bbox 236 140 289 182; x_wconf 70' lang='lat'>28</span> <span class='ocrx_word' id='word_1_3' title='bbox 652 142 724 176; x_wconf 87' lang='lat' dir='ltr'>Pro</span> <span class='ocrx_word' id='word_1_4' title='bbox 750 141 832 176; x_wconf 84' lang='lat' dir='ltr'>Sex.</span> <span class='ocrx_word' id='word_1_5' title='bbox 858 141 996 176; x_wconf 89' lang='lat' dir='ltr'>Roscio</span> <span class='ocrx_word' id='word_1_6' title='bbox 1023 152 1054 175; x_wconf 88' lang='lat' dir='ltr'>c.</span> <span class='ocrx_word' id='word_1_7' title='bbox 1081 142 1102 177; x_wconf 88' lang='grc'><strong>7</strong></span> <span class='ocrx_word' id='word_1_8' title='bbox 1131 144 1149 181; x_wconf 65' lang='grc' dir='ltr'><strong>ἓ</strong></span> <span class='ocrx_word' id='word_1_9' title='bbox 1182 142 1326 176; x_wconf 82' lang='grc'>17-18.</span> 
     </span>
    </p>
   </div>
   <div class='ocr_carea' id='block_1_3' title="bbox 236 251 1739 971">
    <p class='ocr_par' dir='ltr' id='par_1_3' title="bbox 236 251 1739 971">
     <span class='ocr_line' id='line_1_3' title="bbox 236 251 1732 305; baseline 0.001 -13"><span class='ocrx_word' id='word_1_10' title='bbox 236 251 312 300; x_wconf 90' lang='lat' dir='ltr'>nis,</span> <span class='ocrx_word' id='word_1_11' title='bbox 344 264 516 305; x_wconf 82' lang='lat' dir='ltr'>quorum</span> <span class='ocrx_word' id='word_1_12' title='bbox 548 252 723 293; x_wconf 88' lang='lat' dir='ltr'>alterum</span> <span class='ocrx_word' id='word_1_13' title='bbox 769 252 914 294; x_wconf 87' lang='lat' dir='ltr'>sedere</span> <span class='ocrx_word' id='word_1_14' title='bbox 954 251 994 292; x_wconf 91' lang='lat' dir='ltr'>in</span> <span class='ocrx_word' id='word_1_15' title='bbox 1027 256 1314 293; x_wconf 80' lang='lat' dir='ltr'>accusatorum</span> <span class='ocrx_word' id='word_1_16' title='bbox 1356 251 1567 293; x_wconf 86' lang='lat' dir='ltr'>subselliis</span> <span class='ocrx_word' id='word_1_17' title='bbox 1596 251 1732 302; x_wconf 88' lang='lat' dir='ltr'>video,</span> 
     </span>
     <span class='ocr_line' id='line_1_4' title="bbox 238 317 1733 372; baseline -0.001 -13"><span class='ocrx_word' id='word_1_18' title='bbox 238 319 413 360; x_wconf 85' lang='lat' dir='ltr'>alterum</span> <span class='ocrx_word' id='word_1_19' title='bbox 443 318 522 359; x_wconf 88' lang='lat' dir='ltr'>tria</span> <span class='ocrx_word' id='word_1_20' title='bbox 552 318 720 359; x_wconf 87' lang='lat' dir='ltr'>huiusce</span> <span class='ocrx_word' id='word_1_21' title='bbox 752 318 926 372; x_wconf 82' lang='lat' dir='ltr'>praedia</span> <span class='ocrx_word' id='word_1_22' title='bbox 948 317 1165 371; x_wconf 86' lang='lat' dir='ltr'>possidere</span> <span class='ocrx_word' id='word_1_23' title='bbox 1187 318 1330 370; x_wconf 89' lang='lat' dir='ltr'>audio;</span> <span class='ocrx_word' id='word_1_24' title='bbox 1365 332 1469 371; x_wconf 91' lang='lat' dir='ltr'>quas</span> <span class='ocrx_word' id='word_1_25' title='bbox 1494 317 1733 359; x_wconf 87' lang='lat' dir='ltr'>inimicitias</span> 
     </span>
     <span class='ocr_line' id='line_1_5' title="bbox 238 384 1733 439; baseline -0.001 -13"><span class='ocrx_word' id='word_1_26' title='bbox 238 385 272 426; x_wconf 88' lang='lat' dir='ltr'>si</span> <span class='ocrx_word' id='word_1_27' title='bbox 303 389 387 426; x_wconf 90' lang='lat' dir='ltr'>tam</span> <span class='ocrx_word' id='word_1_28' title='bbox 409 398 557 426; x_wconf 86' lang='lat' dir='ltr'>cavere</span> <span class='ocrx_word' id='word_1_29' title='bbox 575 386 790 439; x_wconf 88' lang='lat' dir='ltr'>potuisset,</span> <span class='ocrx_word' id='word_1_30' title='bbox 822 398 946 438; x_wconf 83' lang='lat' dir='ltr'>quam</span> <span class='ocrx_word' id='word_1_31' title='bbox 967 388 1148 425; x_wconf 88' lang='lat' dir='ltr'>metuere</span> <span class='ocrx_word' id='word_1_32' title='bbox 1171 384 1346 437; x_wconf 81' lang='lat' dir='ltr'>solebat,</span> <span class='ocrx_word' id='word_1_33' title='bbox 1379 385 1548 426; x_wconf 87' lang='lat' dir='ltr'>viveret.</span> <span class='ocrx_word' id='word_1_34' title='bbox 1588 384 1733 437; x_wconf 85' lang='lat' dir='ltr'>Neque</span> 
     </span>
     <span class='ocr_line' id='line_1_6' title="bbox 238 450 1734 503; baseline -0.001 -10"><span class='ocrx_word' id='word_1_35' title='bbox 238 456 359 503; x_wconf 81' lang='lat' dir='ltr'>enim,</span> <span class='ocrx_word' id='word_1_36' title='bbox 392 452 562 503; x_wconf 87' lang='lat' dir='ltr'>iudices,</span> <span class='ocrx_word' id='word_1_37' title='bbox 596 452 747 492; x_wconf 84' lang='lat' dir='ltr'>iniuria</span> <span class='ocrx_word' id='word_1_38' title='bbox 777 451 998 491; x_wconf 78' lang='lat' dir='ltr'>metuebat.</span> <span class='ocrx_word' id='word_1_39' title='bbox 1037 450 1144 491; x_wconf 88' lang='lat' dir='ltr'>Nam</span> <span class='ocrx_word' id='word_1_40' title='bbox 1176 450 1256 492; x_wconf 94' lang='lat' dir='ltr'>duo</span> <span class='ocrx_word' id='word_1_41' title='bbox 1287 451 1355 491; x_wconf 88' lang='lat' dir='ltr'>isti</span> <span class='ocrx_word' id='word_1_42' title='bbox 1376 455 1471 493; x_wconf 87' lang='lat' dir='ltr'>sunt</span> <span class='ocrx_word' id='word_1_43' title='bbox 1493 451 1575 492; x_wconf 88' lang='lat' dir='ltr'>Titi</span> <span class='ocrx_word' id='word_1_44' title='bbox 1594 450 1734 492; x_wconf 85' lang='lat' dir='ltr'>Roscii</span> 
     </span>
     <span class='ocr_line' id='line_1_7' title="bbox 237 517 1734 571; baseline -0.001 -12"><span class='ocrx_word' id='word_1_45' title='bbox 237 542 289 547; x_wconf 94' lang='lat'><strong>—</strong></span> <span class='ocrx_word' id='word_1_46' title='bbox 307 532 478 571; x_wconf 86' lang='lat' dir='ltr'>quorum</span> <span class='ocrx_word' id='word_1_47' title='bbox 495 519 613 560; x_wconf 88' lang='lat' dir='ltr'>alteri</span> <span class='ocrx_word' id='word_1_48' title='bbox 633 517 825 571; x_wconf 82' lang='lat' dir='ltr'>Capitoni</span> <span class='ocrx_word' id='word_1_49' title='bbox 847 529 1078 569; x_wconf 83' lang='lat' dir='ltr'>cognomen</span> <span class='ocrx_word' id='word_1_50' title='bbox 1103 522 1178 569; x_wconf 81' lang='lat' dir='ltr'>est,</span> <span class='ocrx_word' id='word_1_51' title='bbox 1195 517 1286 569; x_wconf 89' lang='lat' dir='ltr'>iste,</span> <span class='ocrx_word' id='word_1_52' title='bbox 1312 518 1380 570; x_wconf 92' lang='lat' dir='ltr'>qui</span> <span class='ocrx_word' id='word_1_53' title='bbox 1402 517 1534 570; x_wconf 85' lang='lat' dir='ltr'>adest,</span> <span class='ocrx_word' id='word_1_54' title='bbox 1555 517 1734 570; x_wconf 88' lang='lat' dir='ltr'>Magnus</span> 
     </span>
     <span class='ocr_line' id='line_1_8' title="bbox 237 582 1734 639; baseline -0.001 -13"><span class='ocrx_word' id='word_1_55' title='bbox 237 589 408 626; x_wconf 91' lang='lat' dir='ltr'>vocatur</span> <span class='ocrx_word' id='word_1_56' title='bbox 438 610 489 614; x_wconf 97' lang='lat'><strong>—</strong></span> <span class='ocrx_word' id='word_1_57' title='bbox 521 584 708 625; x_wconf 89' lang='lat' dir='ltr'>homines</span> <span class='ocrx_word' id='word_1_58' title='bbox 747 583 835 624; x_wconf 90' lang='lat' dir='ltr'>eius</span> <span class='ocrx_word' id='word_1_59' title='bbox 875 582 1008 624; x_wconf 91' lang='lat' dir='ltr'>modi:</span> <span class='ocrx_word' id='word_1_60' title='bbox 1061 584 1166 625; x_wconf 89' lang='lat' dir='ltr'>alter</span> <span class='ocrx_word' id='word_1_61' title='bbox 1198 585 1469 639; x_wconf 87' lang='lat' dir='ltr'>plurimarum</span> <span class='ocrx_word' id='word_1_62' title='bbox 1500 585 1734 638; x_wconf 89' lang='lat' dir='ltr'>palmarum</span> 
     </span>
     <span class='ocr_line' id='line_1_9' title="bbox 238 649 1735 705; baseline -0.001 -13"><span class='ocrx_word' id='word_1_63' title='bbox 238 656 355 692; x_wconf 88' lang='lat' dir='ltr'>vetus</span> <span class='ocrx_word' id='word_1_64' title='bbox 404 665 454 692; x_wconf 90' lang='lat' dir='ltr'>ac</span> <span class='ocrx_word' id='word_1_65' title='bbox 490 651 643 692; x_wconf 86' lang='lat' dir='ltr'>nobilis</span> <span class='ocrx_word' id='word_1_66' title='bbox 674 649 885 703; x_wconf 80' lang='lat' dir='ltr'>gladiator</span> <span class='ocrx_word' id='word_1_67' title='bbox 925 649 1119 701; x_wconf 87' lang='lat' dir='ltr'>habetur,</span> <span class='ocrx_word' id='word_1_68' title='bbox 1169 650 1237 691; x_wconf 87' lang='lat' dir='ltr'>hic</span> <span class='ocrx_word' id='word_1_69' title='bbox 1274 655 1411 692; x_wconf 89' lang='lat' dir='ltr'>autem</span> <span class='ocrx_word' id='word_1_70' title='bbox 1442 664 1574 705; x_wconf 85' lang='lat' dir='ltr'>nuper</span> <span class='ocrx_word' id='word_1_71' title='bbox 1604 664 1649 692; x_wconf 92' lang='lat' dir='ltr'>se</span> <span class='ocrx_word' id='word_1_72' title='bbox 1680 649 1735 691; x_wconf 90' lang='lat' dir='ltr'>ad</span> 
     </span>
     <span class='ocr_line' id='line_1_10' title="bbox 239 716 1736 771; baseline -0.001 -12"><span class='ocrx_word' id='word_1_73' title='bbox 239 731 330 760; x_wconf 89' lang='lat' dir='ltr'>eum</span> <span class='ocrx_word' id='word_1_74' title='bbox 361 718 555 758; x_wconf 88' lang='lat' dir='ltr'>lanistam</span> <span class='ocrx_word' id='word_1_75' title='bbox 587 717 778 768; x_wconf 89' lang='lat' dir='ltr'>contulit,</span> <span class='ocrx_word' id='word_1_76' title='bbox 825 716 991 768; x_wconf 89' lang='lat' dir='ltr'>quique</span> <span class='ocrx_word' id='word_1_77' title='bbox 1023 722 1117 757; x_wconf 86' lang='lat' dir='ltr'>ante</span> <span class='ocrx_word' id='word_1_78' title='bbox 1149 717 1257 758; x_wconf 89' lang='lat' dir='ltr'>hanc</span> <span class='ocrx_word' id='word_1_79' title='bbox 1287 731 1471 771; x_wconf 89' lang='lat' dir='ltr'>pugnam</span> <span class='ocrx_word' id='word_1_80' title='bbox 1503 718 1581 759; x_wconf 90' lang='lat' dir='ltr'>tiro</span> <span class='ocrx_word' id='word_1_81' title='bbox 1613 721 1736 768; x_wconf 85' lang='lat' dir='ltr'>esset,</span> 
     </span>
     <span class='ocr_line' id='line_1_11' title="bbox 239 783 1735 838; baseline -0.001 -12"><span class='ocrx_word' id='word_1_82' title='bbox 239 784 349 837; x_wconf 89' lang='lat' dir='ltr'>quod</span> <span class='ocrx_word' id='word_1_83' title='bbox 372 785 514 834; x_wconf 87' lang='lat' dir='ltr'>sciam,</span> <span class='ocrx_word' id='word_1_84' title='bbox 536 783 659 824; x_wconf 87' lang='lat' dir='ltr'>facile</span> <span class='ocrx_word' id='word_1_85' title='bbox 683 783 820 836; x_wconf 88' lang='lat' dir='ltr'>ipsum</span> <span class='ocrx_word' id='word_1_86' title='bbox 845 783 1088 836; x_wconf 87' lang='lat' dir='ltr'>magistrum</span> <span class='ocrx_word' id='word_1_87' title='bbox 1106 785 1263 825; x_wconf 87' lang='lat' dir='ltr'>scelere</span> <span class='ocrx_word' id='word_1_88' title='bbox 1284 784 1545 836; x_wconf 86' lang='lat' dir='ltr'>audaciaque</span> <span class='ocrx_word' id='word_1_89' title='bbox 1565 796 1735 838; x_wconf 87' lang='lat' dir='ltr'>supera-</span> 
     </span>
     <span class='ocr_line' id='line_1_12' title="bbox 239 849 1735 901; baseline -0.001 -10"><span class='ocrx_word' id='word_1_90' title='bbox 239 851 307 891; x_wconf 90' lang='lat' dir='ltr'>vit.</span> <span class='ocrx_word' id='word_1_91' title='bbox 367 850 455 890; x_wconf 83' lang='lat' dir='ltr'>vll.</span> <span class='ocrx_word' id='word_1_92' title='bbox 488 850 595 890; x_wconf 82' lang='lat' dir='ltr'>Nam</span> <span class='ocrx_word' id='word_1_93' title='bbox 627 862 718 890; x_wconf 89' lang='lat' dir='ltr'>cum</span> <span class='ocrx_word' id='word_1_94' title='bbox 749 849 816 890; x_wconf 88' lang='lat' dir='ltr'>hic</span> <span class='ocrx_word' id='word_1_95' title='bbox 836 849 933 891; x_wconf 83' lang='lat' dir='ltr'>Sex.</span> <span class='ocrx_word' id='word_1_96' title='bbox 956 850 1131 891; x_wconf 82' lang='lat' dir='ltr'>Roscius</span> <span class='ocrx_word' id='word_1_97' title='bbox 1157 854 1267 892; x_wconf 89' lang='lat' dir='ltr'>esset</span> <span class='ocrx_word' id='word_1_98' title='bbox 1292 850 1501 901; x_wconf 87' lang='lat' dir='ltr'>Ameriae,</span> <span class='ocrx_word' id='word_1_99' title='bbox 1530 850 1577 890; x_wconf 88' lang='grc' dir='ltr'>Τ.</span> <span class='ocrx_word' id='word_1_100' title='bbox 1599 855 1735 891; x_wconf 91' lang='lat' dir='ltr'>autem</span> 
     </span>
     <span class='ocr_line' id='line_1_13' title="bbox 239 915 1739 971; baseline -0.001 -13"><span class='ocrx_word' id='word_1_101' title='bbox 239 917 315 958; x_wconf 89' lang='lat' dir='ltr'>iste</span> <span class='ocrx_word' id='word_1_102' title='bbox 336 916 510 957; x_wconf 88' lang='lat' dir='ltr'>Roscius</span> <span class='ocrx_word' id='word_1_103' title='bbox 530 915 700 968; x_wconf 85' lang='lat' dir='ltr'>Romae,</span> <span class='ocrx_word' id='word_1_104' title='bbox 734 928 824 957; x_wconf 91' lang='lat' dir='ltr'>cum</span> <span class='ocrx_word' id='word_1_105' title='bbox 856 916 922 958; x_wconf 88' lang='lat' dir='ltr'>hic</span> <span class='ocrx_word' id='word_1_106' title='bbox 957 915 1096 971; x_wconf 85' lang='lat' dir='ltr'>[filius]</span> <span class='ocrx_word' id='word_1_107' title='bbox 1131 916 1331 958; x_wconf 87' lang='lat' dir='ltr'>adsiduus</span> <span class='ocrx_word' id='word_1_108' title='bbox 1355 916 1396 957; x_wconf 90' lang='lat' dir='ltr'>in</span> <span class='ocrx_word' id='word_1_109' title='bbox 1421 916 1608 971; x_wconf 89' lang='lat' dir='ltr'>praediis</span> <span class='ocrx_word' id='word_1_110' title='bbox 1627 920 1739 958; x_wconf 88' lang='lat' dir='ltr'>esset</span> 
     </span>
    </p>
   </div>
   <div class='ocr_carea' id='block_1_4' title="bbox 240 1033 787 1041">
    <p class='ocr_par' dir='ltr' id='par_1_4' title="bbox 240 1033 787 1041">
     <span class='ocr_line' id='line_1_14' title="bbox 240 1033 787 1041; baseline 0 0"><span class='ocrx_word' id='word_1_111' title='bbox 240 1033 787 1041; x_wconf 95' lang='lat' dir='ltr'> </span> 
     </span>
    </p>
   </div>
   <div class='ocr_carea' id='block_1_5' title="bbox 240 1106 1742 1445">
    <p class='ocr_par' dir='ltr' id='par_1_5' title="bbox 336 1106 570 1140">
     <span class='ocr_line' id='line_1_15' title="bbox 336 1106 570 1140; baseline -0.009 0"><span class='ocrx_word' id='word_1_112' title='bbox 336 1106 368 1140; x_wconf 87' lang='lat' dir='ltr'><em>T</em></span> <span class='ocrx_word' id='word_1_113' title='bbox 365 1106 478 1140; x_wconf 74' lang='lat' dir='ltr'>estz&#39;m.</span> <span class='ocrx_word' id='word_1_114' title='bbox 504 1108 570 1138; x_wconf 66' lang='lat' dir='ltr'>ret.</span> 
     </span>
    </p>

    <p class='ocr_par' dir='ltr' id='par_1_6' title="bbox 240 1163 1742 1445">
     <span class='ocr_line' id='line_1_16' title="bbox 335 1163 1739 1209; baseline -0.002 -9"><span class='ocrx_word' id='word_1_115' title='bbox 335 1169 353 1207; x_wconf 67' lang='grc' dir='ltr'>ξ</span> <span class='ocrx_word' id='word_1_116' title='bbox 383 1165 435 1200; x_wconf 83' lang='grc'>18.</span> <span class='ocrx_word' id='word_1_117' title='bbox 485 1164 758 1198; x_wconf 85' lang='lat' dir='ltr'>Victorinus</span> <span class='ocrx_word' id='word_1_118' title='bbox 784 1173 818 1207; x_wconf 90' lang='lat' dir='ltr'>p.</span> <span class='ocrx_word' id='word_1_119' title='bbox 846 1165 935 1207; x_wconf 79' lang='lat'>269,</span> <span class='ocrx_word' id='word_1_120' title='bbox 963 1166 1006 1201; x_wconf 77' lang='lat'>35</span> <span class='ocrx_word' id='word_1_121' title='bbox 1033 1164 1077 1198; x_wconf 95' lang='grc' dir='ltr'>Η.</span> <span class='ocrx_word' id='word_1_122' title='bbox 1128 1165 1226 1209; x_wconf 89' lang='lat' dir='ltr'>Ergo</span> <span class='ocrx_word' id='word_1_123' title='bbox 1254 1164 1377 1199; x_wconf 90' lang='lat' dir='ltr'>omnia</span> <span class='ocrx_word' id='word_1_124' title='bbox 1402 1163 1629 1209; x_wconf 84' lang='lat' dir='ltr'>argumentis</span> <span class='ocrx_word' id='word_1_125' title='bbox 1655 1173 1739 1207; x_wconf 84' lang='lat' dir='ltr'>pro·</span> 
     </span>
     <span class='ocr_line' id='line_1_17' title="bbox 240 1222 1739 1268; baseline -0.001 -10"><span class='ocrx_word' id='word_1_126' title='bbox 240 1223 364 1258; x_wconf 84' lang='lat' dir='ltr'>banda</span> <span class='ocrx_word' id='word_1_127' title='bbox 389 1227 490 1258; x_wconf 87' lang='lat' dir='ltr'>sunt:</span> <span class='ocrx_word' id='word_1_128' title='bbox 519 1233 671 1267; x_wconf 90' lang='lat' dir='ltr'>quorum</span> <span class='ocrx_word' id='word_1_129' title='bbox 698 1228 996 1267; x_wconf 85' lang='lat' dir='ltr'>argumentorum</span> <span class='ocrx_word' id='word_1_130' title='bbox 1023 1233 1162 1268; x_wconf 88' lang='lat' dir='ltr'>genera</span> <span class='ocrx_word' id='word_1_131' title='bbox 1188 1223 1261 1258; x_wconf 87' lang='lat' dir='ltr'>duo</span> <span class='ocrx_word' id='word_1_132' title='bbox 1287 1228 1384 1267; x_wconf 86' lang='lat' dir='ltr'>sunt,</span> <span class='ocrx_word' id='word_1_133' title='bbox 1411 1234 1520 1258; x_wconf 90' lang='lat' dir='ltr'>unum</span> <span class='ocrx_word' id='word_1_134' title='bbox 1538 1222 1739 1267; x_wconf 88' lang='lat' dir='ltr'>proprium,</span> 
     </span>
     <span class='ocr_line' id='line_1_18' title="bbox 241 1281 1742 1327; baseline -0.001 -9"><span class='ocrx_word' id='word_1_135' title='bbox 241 1293 429 1318; x_wconf 88' lang='lat' dir='ltr'>commune</span> <span class='ocrx_word' id='word_1_136' title='bbox 457 1281 557 1316; x_wconf 87' lang='lat' dir='ltr'>illud.</span> <span class='ocrx_word' id='word_1_137' title='bbox 606 1281 798 1325; x_wconf 90' lang='lat' dir='ltr'>Proprium</span> <span class='ocrx_word' id='word_1_138' title='bbox 826 1287 902 1324; x_wconf 87' lang='lat' dir='ltr'>est,</span> <span class='ocrx_word' id='word_1_139' title='bbox 929 1282 1029 1326; x_wconf 91' lang='lat' dir='ltr'>quod</span> <span class='ocrx_word' id='word_1_140' title='bbox 1055 1282 1173 1326; x_wconf 91' lang='lat' dir='ltr'>ipsius</span> <span class='ocrx_word' id='word_1_141' title='bbox 1205 1292 1340 1317; x_wconf 84' lang='lat' dir='ltr'>causae</span> <span class='ocrx_word' id='word_1_142' title='bbox 1369 1286 1405 1317; x_wconf 88' lang='lat' dir='ltr'>et</span> <span class='ocrx_word' id='word_1_143' title='bbox 1430 1282 1571 1327; x_wconf 88' lang='lat' dir='ltr'>negotii</span> <span class='ocrx_word' id='word_1_144' title='bbox 1598 1285 1673 1324; x_wconf 88' lang='lat' dir='ltr'>est,</span> <span class='ocrx_word' id='word_1_145' title='bbox 1701 1285 1742 1316; x_wconf 88' lang='lat' dir='ltr'>ut</span> 
     </span>
     <span class='ocr_line' id='line_1_19' title="bbox 241 1339 1740 1385; baseline -0.002 -8"><span class='ocrx_word' id='word_1_146' title='bbox 241 1341 386 1385; x_wconf 80' lang='lat' dir='ltr'>‚Sextus</span> <span class='ocrx_word' id='word_1_147' title='bbox 410 1341 585 1382; x_wconf 85' lang='lat' dir='ltr'>Roscius,</span> <span class='ocrx_word' id='word_1_148' title='bbox 622 1351 701 1375; x_wconf 87' lang='lat' dir='ltr'>cum</span> <span class='ocrx_word' id='word_1_149' title='bbox 747 1340 883 1376; x_wconf 85' lang='lat' dir='ltr'>caedes</span> <span class='ocrx_word' id='word_1_150' title='bbox 910 1339 1010 1375; x_wconf 88' lang='lat' dir='ltr'>facta</span> <span class='ocrx_word' id='word_1_151' title='bbox 1037 1345 1112 1381; x_wconf 85' lang='lat' dir='ltr'>est,</span> <span class='ocrx_word' id='word_1_152' title='bbox 1150 1341 1291 1376; x_wconf 90' lang='lat' dir='ltr'>Romae</span> <span class='ocrx_word' id='word_1_153' title='bbox 1325 1351 1398 1376; x_wconf 91' lang='lat' dir='ltr'>non</span> <span class='ocrx_word' id='word_1_154' title='bbox 1424 1340 1510 1375; x_wconf 86' lang='lat' dir='ltr'>fuit:</span> <span class='ocrx_word' id='word_1_155' title='bbox 1550 1352 1622 1376; x_wconf 89' lang='lat' dir='ltr'>non</span> <span class='ocrx_word' id='word_1_156' title='bbox 1650 1350 1740 1385; x_wconf 87' lang='lat' dir='ltr'>ergo</span> 
     </span>
     <span class='ocr_line' id='line_1_20' title="bbox 240 1399 1740 1445; baseline -0.001 -10"><span class='ocrx_word' id='word_1_157' title='bbox 240 1405 379 1445; x_wconf 85' lang='lat' dir='ltr'>patrem</span> <span class='ocrx_word' id='word_1_158' title='bbox 397 1399 610 1443; x_wconf 76' lang='lat' dir='ltr'>interfecit‘3</span> <span class='ocrx_word' id='word_1_159' title='bbox 640 1399 730 1434; x_wconf 81' lang='lat' dir='ltr'>iiber</span> <span class='ocrx_word' id='word_1_160' title='bbox 756 1399 823 1435; x_wconf 88' lang='lat' dir='ltr'>das</span> <span class='ocrx_word' id='word_1_161' title='bbox 850 1405 1106 1444; x_wconf 84' lang='lat' dir='ltr'>argumentum</span> <span class='ocrx_word' id='word_1_162' title='bbox 1133 1411 1323 1435; x_wconf 88' lang='lat' dir='ltr'>commune</span> <span class='ocrx_word' id='word_1_163' title='bbox 1351 1400 1425 1445; x_wconf 90' lang='lat' dir='ltr'>vgl.</span> <span class='ocrx_word' id='word_1_164' title='bbox 1452 1400 1546 1435; x_wconf 87' lang='lat' dir='ltr'>Vict.</span> <span class='ocrx_word' id='word_1_165' title='bbox 1573 1410 1618 1434; x_wconf 90' lang='lat' dir='ltr'>zu</span> <span class='ocrx_word' id='word_1_166' title='bbox 1644 1403 1662 1442; x_wconf 70' lang='grc' dir='ltr'>ἓ</span> <span class='ocrx_word' id='word_1_167' title='bbox 1684 1401 1740 1436; x_wconf 82' lang='grc'>63.</span> 
     </span>
    </p>
   </div>
   <div class='ocr_carea' id='block_1_6' title="bbox 241 1482 1742 2109">
    <p class='ocr_par' dir='ltr' id='par_1_7' title="bbox 241 1482 1742 1636">
     <span class='ocr_line' id='line_1_21' title="bbox 336 1482 548 1518; baseline -0.005 0"><span class='ocrx_word' id='word_1_168' title='bbox 336 1482 454 1518; x_wconf 78' lang='lat' dir='ltr'>Schol.</span> <span class='ocrx_word' id='word_1_169' title='bbox 486 1482 548 1517; x_wconf 83' lang='lat' dir='ltr'>Gr.</span> 
     </span>
     <span class='ocr_line' id='line_1_22' title="bbox 241 1539 1742 1586; baseline -0.001 -10"><span class='ocrx_word' id='word_1_170' title='bbox 241 1546 381 1586; x_wconf 88' lang='lat' dir='ltr'>partem</span> <span class='ocrx_word' id='word_1_171' title='bbox 419 1541 489 1576; x_wconf 87' lang='lat' dir='ltr'>fuit</span> <span class='ocrx_word' id='word_1_172' title='bbox 513 1541 675 1576; x_wconf 87' lang='lat' dir='ltr'>narratio</span> <span class='ocrx_word' id='word_1_173' title='bbox 715 1540 902 1584; x_wconf 87' lang='lat' dir='ltr'>pertinens</span> <span class='ocrx_word' id='word_1_174' title='bbox 930 1540 978 1575; x_wconf 90' lang='lat' dir='ltr'>ad</span> <span class='ocrx_word' id='word_1_175' title='bbox 1004 1539 1119 1583; x_wconf 89' lang='lat' dir='ltr'>bona,</span> <span class='ocrx_word' id='word_1_176' title='bbox 1162 1541 1248 1586; x_wconf 88' lang='lat' dir='ltr'>quia</span> <span class='ocrx_word' id='word_1_177' title='bbox 1285 1552 1358 1577; x_wconf 91' lang='lat' dir='ltr'>non</span> <span class='ocrx_word' id='word_1_178' title='bbox 1397 1539 1523 1575; x_wconf 82' lang='lat' dir='ltr'>debuit</span> <span class='ocrx_word' id='word_1_179' title='bbox 1546 1539 1742 1584; x_wconf 88' lang='lat' dir='ltr'>proscribi.</span> 
     </span>
     <span class='ocr_line' id='line_1_23' title="bbox 241 1600 615 1636; baseline -0.005 0"><span class='ocrx_word' id='word_1_180' title='bbox 241 1601 350 1636; x_wconf 89' lang='lat' dir='ltr'>Modo</span> <span class='ocrx_word' id='word_1_181' title='bbox 377 1601 425 1635; x_wconf 90' lang='lat' dir='ltr'>ad</span> <span class='ocrx_word' id='word_1_182' title='bbox 453 1600 615 1635; x_wconf 87' lang='lat' dir='ltr'>caedem.</span> 
     </span>
    </p>

    <p class='ocr_par' dir='ltr' id='par_1_8' title="bbox 336 1659 885 1705">
     <span class='ocr_line' id='line_1_24' title="bbox 336 1659 885 1705; baseline -0.002 -11"><span class='ocrx_word' id='word_1_183' title='bbox 336 1660 559 1705; x_wconf 90' lang='lat' dir='ltr'>Alterum]</span> <span class='ocrx_word' id='word_1_184' title='bbox 588 1659 760 1704; x_wconf 85' lang='lat' dir='ltr'>Magnum</span> <span class='ocrx_word' id='word_1_185' title='bbox 787 1659 885 1695; x_wconf 87' lang='lat' dir='ltr'>dicit.</span> 
     </span>
    </p>

    <p class='ocr_par' dir='ltr' id='par_1_9' title="bbox 242 1716 1742 1882">
     <span class='ocr_line' id='line_1_25' title="bbox 337 1716 1740 1763; baseline -0.002 -9"><span class='ocrx_word' id='word_1_186' title='bbox 337 1720 554 1754; x_wconf 86' lang='lat' dir='ltr'>Homines</span> <span class='ocrx_word' id='word_1_187' title='bbox 582 1719 683 1754; x_wconf 89' lang='lat' dir='ltr'>eius</span> <span class='ocrx_word' id='word_1_188' title='bbox 709 1719 839 1763; x_wconf 91' lang='lat' dir='ltr'>modi]</span> <span class='ocrx_word' id='word_1_189' title='bbox 870 1718 1065 1762; x_wconf 81' lang='lat' dir='ltr'>Novimus,</span> <span class='ocrx_word' id='word_1_190' title='bbox 1094 1717 1181 1762; x_wconf 88' lang='lat' dir='ltr'>quia</span> <span class='ocrx_word' id='word_1_191' title='bbox 1208 1717 1437 1763; x_wconf 83' lang='lat' dir='ltr'>gladiatores</span> <span class='ocrx_word' id='word_1_192' title='bbox 1465 1727 1510 1752; x_wconf 85' lang='lat' dir='ltr'>ex</span> <span class='ocrx_word' id='word_1_193' title='bbox 1536 1716 1646 1752; x_wconf 85' lang='lat' dir='ltr'>factis</span> <span class='ocrx_word' id='word_1_194' title='bbox 1676 1726 1740 1751; x_wconf 91' lang='lat' dir='ltr'>no-</span> 
     </span>
     <span class='ocr_line' id='line_1_26' title="bbox 242 1775 1742 1823; baseline -0.002 -10"><span class='ocrx_word' id='word_1_195' title='bbox 242 1789 323 1814; x_wconf 90' lang='lat' dir='ltr'>men</span> <span class='ocrx_word' id='word_1_196' title='bbox 351 1779 550 1823; x_wconf 87' lang='lat' dir='ltr'>accipiunt.</span> <span class='ocrx_word' id='word_1_197' title='bbox 600 1778 637 1812; x_wconf 90' lang='lat' dir='ltr'>Si</span> <span class='ocrx_word' id='word_1_198' title='bbox 664 1777 764 1813; x_wconf 87' lang='lat' dir='ltr'>facili</span> <span class='ocrx_word' id='word_1_199' title='bbox 790 1778 865 1813; x_wconf 85' lang='lat' dir='ltr'>ictu</span> <span class='ocrx_word' id='word_1_200' title='bbox 893 1781 1005 1821; x_wconf 85' lang='lat' dir='ltr'>caput</span> <span class='ocrx_word' id='word_1_201' title='bbox 1037 1777 1282 1821; x_wconf 84' lang='lat' dir='ltr'>percusserit,</span> <span class='ocrx_word' id='word_1_202' title='bbox 1318 1775 1482 1821; x_wconf 86' lang='lat' dir='ltr'>Capito</span> <span class='ocrx_word' id='word_1_203' title='bbox 1519 1775 1671 1820; x_wconf 81' lang='lat' dir='ltr'>dicitur3</span> <span class='ocrx_word' id='word_1_204' title='bbox 1711 1776 1742 1811; x_wconf 93' lang='lat' dir='ltr'>si</span> 
     </span>
     <span class='ocr_line' id='line_1_27' title="bbox 243 1837 772 1882; baseline -0.004 -9"><span class='ocrx_word' id='word_1_205' title='bbox 243 1838 376 1873; x_wconf 88' lang='lat' dir='ltr'>multos</span> <span class='ocrx_word' id='word_1_206' title='bbox 403 1838 542 1879; x_wconf 81' lang='lat' dir='ltr'>vicerit,</span> <span class='ocrx_word' id='word_1_207' title='bbox 569 1837 602 1872; x_wconf 91' lang='lat' dir='ltr'>M</span> <span class='ocrx_word' id='word_1_208' title='bbox 613 1847 634 1871; x_wconf 86' lang='lat' dir='ltr'>a</span> <span class='ocrx_word' id='word_1_209' title='bbox 646 1848 733 1882; x_wconf 84' lang='lat' dir='ltr'>gnu</span> <span class='ocrx_word' id='word_1_210' title='bbox 745 1848 772 1872; x_wconf 82' lang='lat' dir='ltr'>s.</span> 
     </span>
    </p>

    <p class='ocr_par' dir='ltr' id='par_1_10' title="bbox 244 1893 1741 1991">
     <span class='ocr_line' id='line_1_28' title="bbox 337 1893 1741 1940; baseline -0.001 -9"><span class='ocrx_word' id='word_1_211' title='bbox 337 1896 406 1931; x_wconf 90' lang='lat' dir='ltr'>Ad</span> <span class='ocrx_word' id='word_1_212' title='bbox 431 1907 525 1931; x_wconf 90' lang='lat' dir='ltr'>eum</span> <span class='ocrx_word' id='word_1_213' title='bbox 550 1896 783 1940; x_wconf 86' lang='lat' dir='ltr'>lanistam]</span> <span class='ocrx_word' id='word_1_214' title='bbox 811 1894 997 1930; x_wconf 87' lang='lat' dir='ltr'>Lanistam</span> <span class='ocrx_word' id='word_1_215' title='bbox 1017 1894 1050 1939; x_wconf 84' lang='lat'>¹)</span> <span class='ocrx_word' id='word_1_216' title='bbox 1080 1893 1268 1937; x_wconf 85' lang='lat' dir='ltr'>describit,</span> <span class='ocrx_word' id='word_1_217' title='bbox 1297 1894 1383 1938; x_wconf 88' lang='lat' dir='ltr'>quia</span> <span class='ocrx_word' id='word_1_218' title='bbox 1408 1893 1657 1939; x_wconf 82' lang='lat' dir='ltr'>gladiatorum</span> <span class='ocrx_word' id='word_1_219' title='bbox 1676 1905 1741 1930; x_wconf 92' lang='lat' dir='ltr'>no-</span> 
     </span>
     <span class='ocr_line' id='line_1_29' title="bbox 244 1955 472 1991; baseline -0.009 0"><span class='ocrx_word' id='word_1_220' title='bbox 244 1957 342 1991; x_wconf 89' lang='lat' dir='ltr'>mina</span> <span class='ocrx_word' id='word_1_221' title='bbox 370 1955 472 1990; x_wconf 79' lang='lat' dir='ltr'>dixit.</span> 
     </span>
    </p>

    <p class='ocr_par' dir='ltr' id='par_1_11' title="bbox 245 2010 1742 2109">
     <span class='ocr_line' id='line_1_30' title="bbox 338 2010 1742 2058; baseline -0.001 -9"><span class='ocrx_word' id='word_1_222' title='bbox 338 2016 459 2049; x_wconf 88' lang='lat' dir='ltr'>Ante</span> <span class='ocrx_word' id='word_1_223' title='bbox 492 2014 637 2057; x_wconf 84' lang='lat' dir='ltr'>eam2)</span> <span class='ocrx_word' id='word_1_224' title='bbox 677 2014 890 2058; x_wconf 83' lang='lat' dir='ltr'>pugnam]</span> <span class='ocrx_word' id='word_1_225' title='bbox 933 2012 1019 2047; x_wconf 91' lang='lat' dir='ltr'>Sive</span> <span class='ocrx_word' id='word_1_226' title='bbox 1052 2016 1138 2046; x_wconf 89' lang='lat' dir='ltr'>ante</span> <span class='ocrx_word' id='word_1_227' title='bbox 1173 2011 1325 2048; x_wconf 88' lang='lat' dir='ltr'>caedem</span> <span class='ocrx_word' id='word_1_228' title='bbox 1360 2010 1443 2047; x_wconf 84' lang='lat' dir='ltr'>Sex.</span> <span class='ocrx_word' id='word_1_229' title='bbox 1479 2012 1624 2055; x_wconf 87' lang='lat' dir='ltr'>Roscii,</span> <span class='ocrx_word' id='word_1_230' title='bbox 1663 2012 1742 2047; x_wconf 87' lang='lat' dir='ltr'>sive</span> 
     </span>
     <span class='ocr_line' id='line_1_31' title="bbox 245 2073 637 2109; baseline -0.003 0"><span class='ocrx_word' id='word_1_231' title='bbox 245 2078 330 2109; x_wconf 88' lang='lat' dir='ltr'>ante</span> <span class='ocrx_word' id='word_1_232' title='bbox 356 2073 491 2108; x_wconf 89' lang='lat' dir='ltr'>bellum</span> <span class='ocrx_word' id='word_1_233' title='bbox 519 2073 637 2108; x_wconf 90' lang='lat' dir='ltr'>civile.</span> 
     </span>
    </p>
   </div>
   <div class='ocr_carea' id='block_1_7' title="bbox 246 2144 1743 2427">
    <p class='ocr_par' dir='ltr' id='par_1_12' title="bbox 246 2144 1742 2250">
     <span class='ocr_line' id='line_1_32' title="bbox 338 2144 1742 2193; baseline -0.003 -10"><span class='ocrx_word' id='word_1_234' title='bbox 338 2149 433 2193; x_wconf 85' lang='lat' dir='ltr'>Kap.</span> <span class='ocrx_word' id='word_1_235' title='bbox 459 2148 526 2183; x_wconf 89' lang='lat' dir='ltr'>VII</span> <span class='ocrx_word' id='word_1_236' title='bbox 555 2150 574 2189; x_wconf 67' lang='grc' dir='ltr'><strong>ξ</strong></span> <span class='ocrx_word' id='word_1_237' title='bbox 604 2148 656 2182; x_wconf 86' lang='grc'>18.</span> <span class='ocrx_word' id='word_1_238' title='bbox 706 2146 812 2180; x_wconf 88' lang='lat' dir='ltr'>Nam</span> <span class='ocrx_word' id='word_1_239' title='bbox 856 2155 984 2190; x_wconf 91' lang='lat' dir='ltr'>quum</span> <span class='ocrx_word' id='word_1_240' title='bbox 1019 2144 1093 2179; x_wconf 93' lang='lat' dir='ltr'>hic</span> <span class='ocrx_word' id='word_1_241' title='bbox 1125 2144 1223 2180; x_wconf 83' lang='lat' dir='ltr'>Sex.</span> <span class='ocrx_word' id='word_1_242' title='bbox 1250 2144 1466 2189; x_wconf 88' lang='lat' dir='ltr'>Roscius]</span> <span class='ocrx_word' id='word_1_243' title='bbox 1502 2144 1742 2188; x_wconf 87' lang='lat' dir='ltr'>Praeparatio</span> 
     </span>
     <span class='ocr_line' id='line_1_33' title="bbox 246 2204 1392 2250; baseline -0.003 -8"><span class='ocrx_word' id='word_1_244' title='bbox 246 2218 267 2242; x_wconf 89' lang='lat' dir='ltr'>a</span> <span class='ocrx_word' id='word_1_245' title='bbox 291 2208 373 2242; x_wconf 90' lang='lat' dir='ltr'>loco</span> <span class='ocrx_word' id='word_1_246' title='bbox 399 2207 457 2241; x_wconf 85' lang='lat' dir='ltr'>vel</span> <span class='ocrx_word' id='word_1_247' title='bbox 483 2210 735 2250; x_wconf 85' lang='lat' dir='ltr'>argumentum</span> <span class='ocrx_word' id='word_1_248' title='bbox 763 2215 808 2239; x_wconf 82' lang='lat' dir='ltr'>ex</span> <span class='ocrx_word' id='word_1_249' title='bbox 834 2204 1028 2239; x_wconf 82' lang='lat' dir='ltr'>facultate:</span> <span class='ocrx_word' id='word_1_250' title='bbox 1056 2214 1129 2238; x_wconf 92' lang='lat' dir='ltr'>non</span> <span class='ocrx_word' id='word_1_251' title='bbox 1158 2204 1325 2248; x_wconf 89' lang='lat' dir='ltr'>potuisse</span> <span class='ocrx_word' id='word_1_252' title='bbox 1346 2204 1392 2247; x_wconf 87' lang='lat'>¹).</span> 
     </span>
    </p>

    <p class='ocr_par' dir='ltr' id='par_1_13' title="bbox 246 2262 1743 2427">
     <span class='ocr_line' id='line_1_34' title="bbox 340 2262 1742 2308; baseline -0.004 -8"><span class='ocrx_word' id='word_1_253' title='bbox 340 2266 476 2307; x_wconf 82' lang='lat' dir='ltr'>Quum</span> <span class='ocrx_word' id='word_1_254' title='bbox 502 2264 593 2308; x_wconf 90' lang='lat' dir='ltr'>hic]</span> <span class='ocrx_word' id='word_1_255' title='bbox 622 2264 722 2298; x_wconf 80' lang='lat' dir='ltr'>Dixit</span> <span class='ocrx_word' id='word_1_256' title='bbox 748 2270 833 2297; x_wconf 89' lang='lat' dir='ltr'>ante</span> <span class='ocrx_word' id='word_1_257' title='bbox 859 2264 994 2307; x_wconf 75' lang='lat' dir='ltr'>rem2).</span> <span class='ocrx_word' id='word_1_258' title='bbox 1030 2262 1152 2297; x_wconf 83' lang='lat' dir='ltr'>Causa</span> <span class='ocrx_word' id='word_1_259' title='bbox 1177 2262 1447 2297; x_wconf 86' lang='lat' dir='ltr'>inimicitiarum</span> <span class='ocrx_word' id='word_1_260' title='bbox 1472 2265 1627 2296; x_wconf 85' lang='lat' dir='ltr'>naturae</span> <span class='ocrx_word' id='word_1_261' title='bbox 1655 2272 1742 2296; x_wconf 92' lang='lat' dir='ltr'>con-</span> 
     </span>
     <span class='ocr_line' id='line_1_35' title="bbox 246 2320 1743 2368; baseline -0.003 -9"><span class='ocrx_word' id='word_1_262' title='bbox 246 2325 406 2359; x_wconf 89' lang='lat' dir='ltr'>veniens.</span> <span class='ocrx_word' id='word_1_263' title='bbox 457 2324 553 2368; x_wconf 86' lang='lat' dir='ltr'>Ergo</span> <span class='ocrx_word' id='word_1_264' title='bbox 582 2322 667 2366; x_wconf 85' lang='lat' dir='ltr'>quia</span> <span class='ocrx_word' id='word_1_265' title='bbox 694 2322 883 2357; x_wconf 86' lang='lat' dir='ltr'>accusatio</span> <span class='ocrx_word' id='word_1_266' title='bbox 910 2322 1052 2356; x_wconf 89' lang='lat' dir='ltr'>illorum</span> <span class='ocrx_word' id='word_1_267' title='bbox 1087 2321 1135 2355; x_wconf 87' lang='lat' dir='ltr'>ad</span> <span class='ocrx_word' id='word_1_268' title='bbox 1168 2320 1422 2356; x_wconf 86' lang='lat' dir='ltr'>defensionem</span> <span class='ocrx_word' id='word_1_269' title='bbox 1449 2320 1558 2355; x_wconf 83' lang='lat' dir='ltr'>istius</span> <span class='ocrx_word' id='word_1_270' title='bbox 1584 2320 1743 2364; x_wconf 86' lang='lat' dir='ltr'>pertine-</span> 
     </span>
     <span class='ocr_line' id='line_1_36' title="bbox 247 2381 1019 2427; baseline -0.001 -11"><span class='ocrx_word' id='word_1_271' title='bbox 247 2382 321 2424; x_wconf 88' lang='lat' dir='ltr'>bat,</span> <span class='ocrx_word' id='word_1_272' title='bbox 350 2393 415 2427; x_wconf 91' lang='lat' dir='ltr'>per</span> <span class='ocrx_word' id='word_1_273' title='bbox 441 2382 754 2426; x_wconf 88' lang='lat' dir='ltr'>comparationem</span> <span class='ocrx_word' id='word_1_274' title='bbox 781 2381 870 2416; x_wconf 87' lang='lat' dir='ltr'>facit</span> <span class='ocrx_word' id='word_1_275' title='bbox 897 2384 1019 2425; x_wconf 83' lang='lat' dir='ltr'>caput.</span> 
     </span>
    </p>
   </div>
   <div class='ocr_carea' id='block_1_8' title="bbox 249 2559 1745 2877">
    <p class='ocr_par' dir='ltr' id='par_1_14' title="bbox 249 2559 1745 2877">
     <span class='ocr_line' id='line_1_37' title="bbox 346 2559 1742 2600; baseline -0.003 -6"><span class='ocrx_word' id='word_1_276' title='bbox 346 2564 378 2599; x_wconf 76' lang='lat'>1)</span> <span class='ocrx_word' id='word_1_277' title='bbox 408 2563 627 2594; x_wconf 80' lang='lat' dir='ltr'>Lanistam</span> <span class='ocrx_word' id='word_1_278' title='bbox 654 2565 711 2594; x_wconf 89' lang='lat' dir='ltr'>hat</span> <span class='ocrx_word' id='word_1_279' title='bbox 739 2563 794 2594; x_wconf 87' lang='lat' dir='ltr'>Or.</span> <span class='ocrx_word' id='word_1_280' title='bbox 821 2562 882 2592; x_wconf 78' lang='lat' dir='ltr'>luit</span> <span class='ocrx_word' id='word_1_281' title='bbox 899 2562 1005 2592; x_wconf 84' lang='lat' dir='ltr'>Recht</span> <span class='ocrx_word' id='word_1_282' title='bbox 1023 2561 1219 2599; x_wconf 83' lang='lat' dir='ltr'>eingesetzt:</span> <span class='ocrx_word' id='word_1_283' title='bbox 1246 2560 1282 2591; x_wconf 86' lang='lat' dir='ltr'>E.</span> <span class='ocrx_word' id='word_1_284' title='bbox 1301 2571 1331 2600; x_wconf 87' lang='lat' dir='ltr'>p.</span> <span class='ocrx_word' id='word_1_285' title='bbox 1352 2562 1392 2590; x_wconf 83' lang='lat'>19</span> <span class='ocrx_word' id='word_1_286' title='bbox 1419 2560 1487 2590; x_wconf 78' lang='lat' dir='ltr'>will</span> <span class='ocrx_word' id='word_1_287' title='bbox 1513 2559 1610 2590; x_wconf 88' lang='lat' dir='ltr'>ideo</span> <span class='ocrx_word' id='word_1_288' title='bbox 1637 2559 1742 2590; x_wconf 82' lang='lat' dir='ltr'>scri-</span> 
     </span>
     <span class='ocr_line' id='line_1_38' title="bbox 249 2608 1742 2650; baseline -0.003 -10"><span class='ocrx_word' id='word_1_289' title='bbox 249 2610 309 2641; x_wconf 84' lang='lat' dir='ltr'>bit</span> <span class='ocrx_word' id='word_1_290' title='bbox 334 2612 433 2641; x_wconf 77' lang='lat' dir='ltr'>lesen.</span> <span class='ocrx_word' id='word_1_291' title='bbox 474 2629 516 2632; x_wconf 86' lang='lat'>—-</span> <span class='ocrx_word' id='word_1_292' title='bbox 570 2611 602 2650; x_wconf 73' lang='lat'>2)</span> <span class='ocrx_word' id='word_1_293' title='bbox 633 2611 732 2649; x_wconf 85' lang='lat' dir='ltr'>Vulg.</span> <span class='ocrx_word' id='word_1_294' title='bbox 759 2616 890 2641; x_wconf 82' lang='lat' dir='ltr'>ant-ea</span> <span class='ocrx_word' id='word_1_295' title='bbox 916 2609 976 2647; x_wconf 74' lang='lat' dir='ltr'>in,</span> <span class='ocrx_word' id='word_1_296' title='bbox 1014 2609 1070 2640; x_wconf 88' lang='lat' dir='ltr'>Or.</span> <span class='ocrx_word' id='word_1_297' title='bbox 1097 2614 1174 2639; x_wconf 86' lang='lat' dir='ltr'>ante</span> <span class='ocrx_word' id='word_1_298' title='bbox 1200 2609 1306 2639; x_wconf 84' lang='lat' dir='ltr'>hanc.</span> <span class='ocrx_word' id='word_1_299' title='bbox 1346 2608 1447 2637; x_wconf 84' lang='lat' dir='ltr'>Halm</span> <span class='ocrx_word' id='word_1_300' title='bbox 1483 2613 1560 2637; x_wconf 85' lang='lat' dir='ltr'>ante</span> <span class='ocrx_word' id='word_1_301' title='bbox 1587 2617 1670 2637; x_wconf 81' lang='lat' dir='ltr'>eam.</span> <span class='ocrx_word' id='word_1_302' title='bbox 1700 2624 1742 2628; x_wconf 90' lang='lat'>—</span> 
     </span>
     <span class='ocr_line' id='line_1_39' title="bbox 252 2654 1742 2696; baseline -0.003 -8"><span class='ocrx_word' id='word_1_303' title='bbox 252 2659 284 2691; x_wconf 64' lang='lat'>1)</span> <span class='ocrx_word' id='word_1_304' title='bbox 314 2659 413 2696; x_wconf 75' lang='lat' dir='ltr'>Vulg.</span> <span class='ocrx_word' id='word_1_305' title='bbox 443 2664 480 2687; x_wconf 85' lang='lat' dir='ltr'>et</span> <span class='ocrx_word' id='word_1_306' title='bbox 508 2658 775 2688; x_wconf 83' lang='lat' dir='ltr'>facultatem</span> <span class='ocrx_word' id='word_1_307' title='bbox 800 2667 881 2687; x_wconf 88' lang='lat' dir='ltr'>non</span> <span class='ocrx_word' id='word_1_308' title='bbox 906 2656 1117 2696; x_wconf 86' lang='lat' dir='ltr'>potuisse:</span> <span class='ocrx_word' id='word_1_309' title='bbox 1157 2654 1233 2688; x_wconf 81' lang='lat' dir='ltr'>Sch.</span> <span class='ocrx_word' id='word_1_310' title='bbox 1262 2656 1305 2685; x_wconf 87' lang='lat' dir='ltr'>ad</span> <span class='ocrx_word' id='word_1_311' title='bbox 1331 2660 1565 2692; x_wconf 79' lang='lat' dir='ltr'>argumentum</span> <span class='ocrx_word' id='word_1_312' title='bbox 1592 2664 1667 2684; x_wconf 87' lang='lat' dir='ltr'>eum</span> <span class='ocrx_word' id='word_1_313' title='bbox 1694 2655 1742 2684; x_wconf 86' lang='lat' dir='ltr'>fa-</span> 
     </span>
     <span class='ocr_line' id='line_1_40' title="bbox 249 2701 1741 2741; baseline -0.003 -6"><span class='ocrx_word' id='word_1_314' title='bbox 249 2706 406 2735; x_wconf 76' lang='lat' dir='ltr'>cultatem</span> <span class='ocrx_word' id='word_1_315' title='bbox 434 2715 500 2735; x_wconf 85' lang='lat' dir='ltr'>non</span> <span class='ocrx_word' id='word_1_316' title='bbox 527 2705 698 2736; x_wconf 82' lang='lat' dir='ltr'>habuisse:</span> <span class='ocrx_word' id='word_1_317' title='bbox 737 2705 775 2734; x_wconf 92' lang='lat' dir='ltr'>B.</span> <span class='ocrx_word' id='word_1_318' title='bbox 811 2704 840 2734; x_wconf 92' lang='lat' dir='ltr'>ei</span> <span class='ocrx_word' id='word_1_319' title='bbox 866 2704 1059 2734; x_wconf 83' lang='lat' dir='ltr'>facultatem</span> <span class='ocrx_word' id='word_1_320' title='bbox 1092 2713 1161 2733; x_wconf 85' lang='lat' dir='ltr'>non</span> <span class='ocrx_word' id='word_1_321' title='bbox 1186 2703 1304 2739; x_wconf 83' lang='lat' dir='ltr'>fuisse,</span> <span class='ocrx_word' id='word_1_322' title='bbox 1344 2702 1464 2732; x_wconf 84' lang='lat' dir='ltr'>ebenso</span> <span class='ocrx_word' id='word_1_323' title='bbox 1490 2701 1528 2731; x_wconf 79' lang='lat' dir='ltr'>E.</span> <span class='ocrx_word' id='word_1_324' title='bbox 1556 2712 1586 2741; x_wconf 91' lang='lat' dir='ltr'>p.</span> <span class='ocrx_word' id='word_1_325' title='bbox 1618 2704 1670 2732; x_wconf 88' lang='lat'>19.</span> <span class='ocrx_word' id='word_1_326' title='bbox 1699 2719 1741 2722; x_wconf 97' lang='lat'><strong>—</strong></span> 
     </span>
     <span class='ocr_line' id='line_1_41' title="bbox 252 2748 1745 2790; baseline -0.003 -8"><span class='ocrx_word' id='word_1_327' title='bbox 252 2755 286 2787; x_wconf 68' lang='lat'>⁴2)</span> <span class='ocrx_word' id='word_1_328' title='bbox 315 2753 391 2789; x_wconf 76' lang='lat' dir='ltr'>Vgl.</span> <span class='ocrx_word' id='word_1_329' title='bbox 419 2753 514 2781; x_wconf 84' lang='lat' dir='ltr'>hiezu</span> <span class='ocrx_word' id='word_1_330' title='bbox 540 2752 653 2782; x_wconf 84' lang='lat' dir='ltr'>Albin.</span> <span class='ocrx_word' id='word_1_331' title='bbox 681 2753 720 2782; x_wconf 86' lang='lat' dir='ltr'>de</span> <span class='ocrx_word' id='word_1_332' title='bbox 743 2758 803 2781; x_wconf 84' lang='lat' dir='ltr'>art.</span> <span class='ocrx_word' id='word_1_333' title='bbox 831 2752 913 2782; x_wconf 89' lang='lat' dir='ltr'>rhet.</span> <span class='ocrx_word' id='word_1_334' title='bbox 940 2761 971 2790; x_wconf 92' lang='lat' dir='ltr'>p.</span> <span class='ocrx_word' id='word_1_335' title='bbox 1002 2753 1085 2784; x_wconf 79' lang='lat'>539.</span> <span class='ocrx_word' id='word_1_336' title='bbox 1114 2753 1133 2780; x_wconf 77' lang='lat'>4</span> <span class='ocrx_word' id='word_1_337' title='bbox 1160 2750 1221 2780; x_wconf 80' lang='lat' dir='ltr'>H.:</span> <span class='ocrx_word' id='word_1_338' title='bbox 1264 2750 1375 2779; x_wconf 88' lang='lat' dir='ltr'>Ante</span> <span class='ocrx_word' id='word_1_339' title='bbox 1408 2759 1490 2779; x_wconf 87' lang='lat' dir='ltr'>rem</span> <span class='ocrx_word' id='word_1_340' title='bbox 1529 2758 1630 2778; x_wconf 83' lang='lat' dir='ltr'>causa</span> <span class='ocrx_word' id='word_1_341' title='bbox 1665 2748 1745 2778; x_wconf 82' lang='lat' dir='ltr'>facti</span> 
     </span>
     <span class='ocr_line' id='line_1_42' title="bbox 250 2796 1743 2838; baseline -0.003 -9"><span class='ocrx_word' id='word_1_342' title='bbox 250 2799 489 2829; x_wconf 73' lang='lat' dir='ltr'>consideranda</span> <span class='ocrx_word' id='word_1_343' title='bbox 514 2806 572 2830; x_wconf 87' lang='lat' dir='ltr'>est.</span> <span class='ocrx_word' id='word_1_344' title='bbox 600 2799 633 2829; x_wconf 87' lang='lat' dir='ltr'>id</span> <span class='ocrx_word' id='word_1_345' title='bbox 659 2809 717 2829; x_wconf 79' lang='lat' dir='ltr'>est.</span> <span class='ocrx_word' id='word_1_346' title='bbox 743 2809 786 2828; x_wconf 87' lang='lat' dir='ltr'>an</span> <span class='ocrx_word' id='word_1_347' title='bbox 811 2808 868 2838; x_wconf 85' lang='lat' dir='ltr'>spe</span> <span class='ocrx_word' id='word_1_348' title='bbox 893 2798 976 2828; x_wconf 89' lang='lat' dir='ltr'>lucri</span> <span class='ocrx_word' id='word_1_349' title='bbox 1001 2799 1052 2829; x_wconf 81' lang='lat' dir='ltr'>vel</span> <span class='ocrx_word' id='word_1_350' title='bbox 1079 2807 1156 2828; x_wconf 80' lang='lat' dir='ltr'>cau</span> <span class='ocrx_word' id='word_1_351' title='bbox 1168 2807 1210 2827; x_wconf 80' lang='lat' dir='ltr'>sa</span> <span class='ocrx_word' id='word_1_352' title='bbox 1235 2796 1570 2827; x_wconf 86' lang='lat' dir='ltr'>inimicitiarum</span> <span class='ocrx_word' id='word_1_353' title='bbox 1596 2796 1648 2826; x_wconf 80' lang='lat' dir='ltr'>vel</span> <span class='ocrx_word' id='word_1_354' title='bbox 1676 2805 1743 2826; x_wconf 85' lang='lat' dir='ltr'>nie-</span> 
     </span>
     <span class='ocr_line' id='line_1_43' title="bbox 250 2845 887 2877; baseline -0.003 0"><span class='ocrx_word' id='word_1_355' title='bbox 250 2852 303 2877; x_wconf 84' lang='lat' dir='ltr'>tus</span> <span class='ocrx_word' id='word_1_356' title='bbox 329 2846 381 2876; x_wconf 77' lang='lat' dir='ltr'>vel</span> <span class='ocrx_word' id='word_1_357' title='bbox 406 2845 503 2877; x_wconf 80' lang='lat' dir='ltr'>amici</span> <span class='ocrx_word' id='word_1_358' title='bbox 529 2846 683 2876; x_wconf 77' lang='lat' dir='ltr'>occiderit</span> <span class='ocrx_word' id='word_1_359' title='bbox 708 2845 887 2876; x_wconf 83' lang='lat' dir='ltr'>hominem.</span> 
     </span>
    </p>
   </div>
  </div>
 </body>
</html>
