1820 3068
204 122 257 165 26
616 125 686 160 Pro
713 125 796 162 Sex.
823 127 959 162 Roscio
986 138 1015 162 c.
1045 129 1065 163 5
1093 131 1111 168 ξ
1139 127 1288 164 11-13,

205 248 295 277 cum
326 235 484 278 interea
532 237 683 278 caedes
723 238 1040 291 indignissimae
1070 238 1361 291 maxima-eque
1401 238 1539 281 factae
1577 244 1690 292 sunt3

205 315 347 344 omnes
392 303 500 344 hanc
545 305 829 357 quaestionem
874 309 912 345 te
961 308 1151 357 praetore
1197 306 1430 347 manifestis
1478 307 1695 349 maleficiis

204 368 496 422 cotidianoque
528 370 722 422 sanguini
753 371 1042 411 remedium
1074 384 1192 412 esse
1223 376 1395 425 sperant
1425 373 1619 416 futuram.

313 435 406 484 Qua
436 436 734 477 vociferatione
765 437 804 477 in
836 437 984 477 ceteris
1023 437 1186 478 iudiciis
1217 443 1482 480 accusatores
1513 440 1569 480 uti
1602 452 1696 481 con-

203 506 446 553 sueverunt,
480 515 530 543 ea
560 515 634 543 nos
666 502 745 543 1100
775 507 961 557 tempore
993 504 1161 555 utimur,
1207 504 1274 557 qui
1307 516 1476 547 causam
1509 505 1697 548 dicimus.

203 567 385 609 Petimus
416 569 493 609 abs
524 573 576 620 te,
607 568 658 609 M.
683 569 829 619 Fanni,
861 583 886 610 a
916 569 1130 623 vobisque,
1165 570 1336 624 iudices,
1368 577 1411 613 ut
1440 587 1563 627 quam
1583 586 1696 614 acer-

202 635 304 676 rime
334 634 540 676 maleficia
570 634 804 686 vindicetis,
836 639 879 676 ut
909 649 1033 689 quam
1064 637 1289 680 fortissime
1309 638 1545 681 hominibus
1566 640 1697 681 auda-

203 700 381 742 cissimis
424 702 647 753 resistatis,
697 706 740 742 ut
770 702 848 743 1100
879 703 1092 756 cogitetis,
1138 705 1218 745 nisi
1251 706 1291 746 in
1323 706 1401 747 hac
1432 720 1581 758 causa,
1629 705 1697 759 qui

202 771 340 808 vester
368 767 529 808 animus
557 768 608 808 sit
628 769 869 822 ostendetis,
903 783 951 811 eo
973 783 1242 824 prorumpere
1263 771 1474 813 hominum
1495 772 1696 827 cupidita-

201 838 281 875 tem
316 838 355 874 et
384 835 520 875 scelus
552 840 591 875 et
623 835 864 888 audaciam,
899 840 942 876 ut
971 849 1052 877 non
1084 837 1207 878 modo
1240 838 1368 891 clam,
1400 851 1541 879 verum
1573 839 1697 880 etiam

201 900 268 942 hic
297 901 336 941 in
369 901 458 941 foro
490 904 585 941 ante
616 901 797 943 tribunal
828 906 954 954 tuum,
986 903 1039 943 Μ.
1057 903 1207 956 Fanni,
1242 909 1338 946 ante
1370 905 1500 959 pedes
1523 910 1698 956 vestros,

155 967 371 1017 ¹³iudiees,
403 967 509 1008 inter
539 967 633 1021 ipsa
664 968 865 1009 subsellia
897 969 1050 1009 caedes
1083 970 1248 1012 futurae
1273 971 1366 1012 sint.
1416 971 1577 1013 Etenim
1600 971 1699 1025 quid

200 1033 312 1074 aliud
345 1034 424 1075 hoc
454 1033 607 1075 iudicio
638 1038 876 1088 temptatur,
907 1035 985 1076 nisi
1011 1040 1053 1076 ut
1072 1036 1113 1077 id
1136 1036 1223 1078 fieri
1245 1038 1400 1079 liceat?
1429 1039 1640 1079 Accusant
1656 1038 1699 1090 ii,

199 1101 267 1154 qui
299 1100 338 1140 in
371 1100 558 1140 fortunas
591 1100 712 1142 huius
744 1101 1006 1143 invaserunt:
1040 1115 1210 1144 causam
1243 1103 1343 1145 dicit
1370 1105 1417 1157 is,
1451 1105 1513 1146 cui
1534 1109 1700 1159 praeter

199 1168 480 1208 calamitatem
499 1167 891 1220 nihilrelique1·unt;
925 1174 1123 1210 accusant
1141 1170 1180 1219 ii,
1214 1170 1363 1223 quibus
1383 1172 1516 1213 occidi
1536 1176 1698 1226 patrem

199 1234 295 1276 Sex.
329 1234 467 1276 Roscii
501 1235 610 1275 bono
643 1234 740 1286 fuit,
772 1248 941 1276 causam
974 1235 1073 1276 dicit
1104 1236 1151 1287 is,
1183 1237 1246 1278 cui
1278 1250 1359 1278 non
1390 1238 1514 1279 modo
1545 1238 1698 1280 luctum

199 1313 309 1341 mors
327 1300 457 1354 patris
469 1300 619 1350 attulit,
641 1314 783 1342 verum
803 1302 927 1344 etiam
946 1306 1200 1354 egestatem3
1222 1308 1422 1344 accusant
1444 1304 1484 1357 ii,
1505 1304 1572 1357 qui
1590 1304 1699 1345 hunc

197 1366 332 1420 ipsum
353 1366 541 1419 iugulare
559 1380 717 1409 summe
737 1369 974 1422 cupierunt:
1007 1382 1177 1411 causam
1199 1370 1299 1411 dicit
1318 1369 1366 1422 is,
1399 1370 1468 1423 qui
1497 1370 1621 1411 etiam
1643 1370 1697 1412 ad

198 1432 277 1474 hoc
306 1433 440 1486 ipsum
470 1433 665 1475 iudicium
699 1448 788 1475 eum
820 1435 1032 1490 praesidio
1064 1437 1195 1488 venit,
1240 1450 1290 1478 ne
1320 1436 1387 1478 hic
1416 1436 1570 1478 ibidem
1602 1440 1699 1478 ante

198 1500 340 1541 oeulos
372 1504 532 1541 vestros
563 1501 809 1554 trucidetur3
857 1502 1035 1556 denique
1067 1507 1266 1544 accusant
1297 1503 1344 1554 ii,
1385 1517 1488 1557 quos
1520 1504 1700 1558 populus

157 430 189 455 12

297 1625 439 1662 Testem.
467 1630 532 1662 vet.

293 1686 413 1721 Schol.
445 1686 508 1721 Gr.

292 1745 426 1786 Quum
455 1745 649 1780 interea
675 1745 846 1782 caedes
882 1745 1261 1791 indignissimae]
1298 1745 1397 1790 Ergo
1424 1745 1585 1790 inulta4)
1622 1744 1699 1780 fue-

196 1806 279 1838 runt
306 1807 470 1847 peccata.

292 1862 459 1897 Omnes
491 1861 606 1897 hanc
634 1862 973 1908 quaestionem]
1011 1863 1090 1898 Hoc
1116 1863 1195 1898 vult
1221 1863 1362 1898 dicere:
1397 1863 1521 1898 sicarii
1546 1863 1608 1897 isti
1634 1861 1699 1897 ho-

196 1921 310 1956 mines
326 1921 545 1956 occidebant
575 1922 727 1964 multos;
753 1925 793 1956 ut
812 1922 973 1956 vitarent
991 1922 1178 1965 invidiam,
1205 1922 1297 1958 haec
1311 1924 1342 1967 5)
1370 1922 1440 1957 sibi
1457 1920 1697 1965 suaseruntss)

196 1981 410 2016 continuare
439 1982 591 2017 scelera.

290 2040 508 2085 Dimisso]
537 2039 578 2074 Id
605 2043 661 2074 est
686 2049 776 2087 prae
804 2042 1028 2083 contempto,
1055 2039 1182 2075 relicto
1208 2039 1418 2075 habitorum
1435 2041 1485 2082 ⁷).

291 2102 310 2141 ἓ
337 2100 391 2135 12.
443 2100 485 2134 M.
514 2099 685 2141 Fanni,
722 2102 831 2134 ante
863 2098 1006 2143 pedes
1040 2100 1243 2143 vestros]
1284 2095 1579 2143 Anticategoria.
1628 2097 1698 2132 Hic

196 2157 374 2192 illuminat
412 2169 529 2202 genus
563 2167 721 2200 causae,
763 2157 863 2202 quod
899 2161 935 2192 et
967 2156 1222 2193 defensionem
1263 2157 1400 2192 habeat
1426 2167 1494 2201 pro
1520 2167 1584 2192 reo
1597 2158 1631 2201 ὃ)
1661 2161 1698 2191 01

197 2216 467 2251 accusationem
496 2217 531 2250 in
554 2216 802 2252 adversarios.

293 2324 326 2361 4)
357 2324 456 2361 Vulg.
484 2325 594 2361 nulla,
632 2324 757 2353 welche
783 2323 927 2353 sinnlose
954 2324 1072 2353 Les-art
1096 2323 1135 2352 E.
1163 2321 1308 2352 trefflich
1335 2323 1439 2352 durch
1472 2321 1510 2352 in
1521 2322 1614 2352 ulta
1639 2332 1695 2360 ge-

198 2371 320 2401 liessert
344 2372 412 2401 liat.
443 2390 477 2392 —
535 2372 569 2411 5)
596 2372 699 2401 haec
725 2371 811 2401 habe
838 2371 891 2401 ich
918 2372 968 2400 fiir
992 2372 1071 2400 hoc
1098 2370 1198 2407 Vulg.
1227 2369 1451 2407 geschrieben.
1482 2387 1523 2391 -
1571 2370 1604 2408 6)
1633 2369 1695 2400 sibi

197 2424 371 2448 suaserunt
404 2418 464 2448 wie
491 2418 551 2448 Iul.
581 2419 656 2448 Val.
687 2421 717 2455 1,
744 2421 789 2448 44
814 2418 918 2448 Paris.
947 2418 1106 2457 vobisque
1133 2418 1277 2447 suadete.
1308 2434 1349 2438 —
1389 2418 1421 2454 7)
1451 2416 1505 2447 Or.
1534 2417 1607 2455 lege
1632 2416 1694 2446 ‹li-

197 2465 435 2495 missorum.
464 2466 501 2495 E.
518 2476 548 2505 p.
567 2468 624 2495 19:
651 2466 816 2505 Interpres
842 2465 998 2505 opinatur
1011 2464 1167 2495 Roscium
1192 2464 1267 2494 ideo
1292 2474 1309 2493 0
1335 2463 1496 2502 sanguine
1523 2463 1695 2494 dimissum

199 2512 232 2551 (i.
260 2522 286 2542 0.
315 2512 344 2542 01
367 2516 517 2552 parsum)
543 2522 622 2550 esse,
649 2514 738 2552 quod
762 2512 896 2551 ignotus
921 2518 1021 2552 atque
1047 2516 1256 2551 contemptus
1282 2510 1388 2540 fuerit.
1414 2511 1569 2541 Fortasse
1594 2510 1696 2549 igitur

197 2559 371 2599 scripserat
397 2570 482 2599 ,pro
508 2565 708 2599 contempte,
737 2560 851 2590 relicto
877 2560 1071 2590 habitum
1101 2558 1183 2595 iri⁴3
1211 2559 1242 2588 h.
1269 2558 1308 2587 iri
1334 2563 1515 2588 vermutete
1541 2558 1695 2596 iibrigens

197 2608 300 2636 sehon
326 2608 364 2636 B.
414 2617 445 2645 p.
477 2610 559 2637 164:
602 2607 646 2644 ,Si
673 2606 817 2638 Graevio
843 2607 940 2644 fides,
978 2606 1097 2636 veteris
1123 2605 1331 2636 Seholiastae
1366 2606 1465 2635 verba
1492 2606 1575 2635 haee
1601 2611 1693 2636 sunt:

198 2653 376 2683 dimisso
416 2653 425 2683 i
464 2663 561 2693 prae
603 2659 826 2685 contemto
853 2672 894 2676 ——
922 2654 1186 2684 habitorum.
1238 2652 1441 2690 Verburgius
1479 2652 1581 2682 edidit
1616 2650 1635 2683 i.
1665 2660 1691 2682 e.

198 2711 339 2740 euinque
365 2706 495 2731 secutus
522 2706 569 2731 est
596 2701 807 2732 Garatonius.
859 2701 938 2732 Veri
974 2707 1086 2732 autem
1113 2705 1161 2730 est
1187 2699 1293 2730 simile
1325 2699 1536 2739 interpretem
1566 2699 1693 2729 dedisse

198 2747 399 2777 ‹lilnissni
424 2748 442 2777 i.
464 2758 490 2777 0.
518 2748 702 2786 demissius,
736 2758 877 2788 eamque
902 2749 1083 2779 multorum
1110 2747 1261 2777 codicum
1287 2746 1484 2786 scripturam
1510 2746 1693 2786 explicasse

203 2794 262 2824 sie:
302 2804 401 2834 prae
439 2800 659 2825 contemto
688 2814 728 2818 —
757 2796 951 2826 habitum
990 2795 1054 2826 iri.
1106 2795 1169 2825 Sed
1209 2794 1255 2825 nil
1289 2794 1397 2824 ausim
1431 2794 1621 2824 asfirlnare‘.
1649 2811 1691 2816 —-

201 2842 237 2879 S)
262 2842 361 2880 Vulg.
388 2852 438 2879 eo,
465 2842 539 2872 Seh.
568 2852 647 2872 reo.
