1820 3068
215 108 267 151 52
619 106 689 143 Pro
716 106 799 143 Sex.
828 108 965 143 Roscio
992 119 1023 143 c.
1049 109 1094 144 27
1122 111 1140 149 ξ)
1169 107 1320 144 72-73.

215 220 279 262 cui
309 223 480 274 repente
510 220 692 271 caelum,
736 219 886 270 solem,
926 232 1076 271 aquam
1107 221 1342 271 terramque
1373 217 1624 268 ademerint,
1658 221 1712 268 ut,

215 287 283 339 qui
324 300 416 328 cum
456 290 668 332 necasset,
713 285 821 325 unde
862 285 951 337 ipse
983 288 1104 324 natus
1136 288 1264 335 esset,
1311 288 1470 324 careret
1507 284 1556 324 iis
1588 283 1712 324 rebus

215 353 428 404 omnibus,
476 365 527 392 ex
565 352 714 403 quibus
754 351 893 391 omnia
931 355 1031 391 nata
1074 363 1165 391 esse
1204 349 1424 390 dicuntur?
1481 350 1714 390 Noluerunt

213 419 313 460 feris
343 431 493 471 corpus
525 417 712 469 obicere,
757 431 808 458 ne
839 416 984 457 bestiis
1015 429 1201 469 quoque,
1240 429 1345 468 quae
1386 420 1544 456 tantum
1577 416 1713 456 scelus

215 485 473 538 attigissent,
505 483 819 523 immanioribus
848 487 1078 533 uteremur3
1124 495 1204 523 non
1236 482 1296 522 sic
1326 482 1459 522 nudos
1490 482 1529 522 in
1561 481 1713 522 flumen

216 552 392 603 deicere,
425 563 475 592 ne
507 562 598 590 cum
629 548 755 589 delati
788 553 927 590 essent
957 549 997 588 in
1028 561 1156 597 mare,
1187 548 1321 601 ipsum
1354 548 1599 601 polluerent,
1631 560 1713 600 quo

215 622 367 662 cetera,
397 628 503 669 quae
534 616 692 656 violata
724 618 829 666 sunt,
861 614 1021 667 expiari
1054 619 1270 667 putantum
1303 613 1480 665 denique
1505 613 1606 653 nibil
1629 617 1712 653 tam

215 684 296 724 vile
334 695 467 735 neque
507 686 589 721 tam
628 681 802 732 vulgare
839 685 921 732 est,
964 681 1078 721 cuius
1110 684 1269 733 partem
1302 680 1429 720 ullam
1459 679 1712 731 reliquerint.

167 752 201 777 ⁷2
216 749 378 790 Etenim
411 747 509 799 quid
538 751 622 787 tam
652 751 715 787 est
744 759 960 787 commune
988 760 1109 799 quam
1134 746 1302 799 spiritus
1324 746 1444 796 vivis,
1476 750 1586 786 terra
1607 757 1713 785 mor-

215 815 309 865 tuis,
342 828 455 854 mare
479 812 784 860 fluctuantibus,
814 812 910 853 litus
932 812 1108 853 eiectis?
1139 812 1202 852 lta
1224 811 1379 859 vivunt,
1410 811 1506 851 dum
1527 815 1713 864 possunt,

216 887 258 923 ut
299 882 448 922 ducere
489 879 670 920 animam
713 878 763 918 de
802 879 919 919 caelo
960 892 1040 919 non
1080 883 1252 930 queant,
1293 878 1352 917 ita
1383 877 1632 930 moriuntur,
1672 880 1715 917 ut

215 961 357 990 eorum
388 959 486 987 ossa
516 950 627 986 terra
657 957 739 985 non
770 949 935 998 tangat,
967 944 1026 985 ita
1056 945 1262 985 iactantur
1294 942 1508 994 fluctibus,
1540 947 1584 983 ut
1614 956 1713 983 nun—

215 1027 338 1067 quam
377 1013 618 1062 abluantur,
659 1013 716 1051 ita
748 1015 959 1064 postremo
990 1011 1211 1061 eiciuntur,
1252 1015 1295 1050 ut
1325 1023 1375 1050 ne
1406 1009 1460 1050 ad
1491 1022 1596 1049 saxa
1626 1008 1715 1060 qui-

216 1080 308 1122 dem
340 1078 489 1119 mortui
520 1077 828 1130 conquiescantv
896 1077 1019 1117 Tanti
1049 1075 1243 1117 maleficii
1276 1076 1450 1125 crimen,
1491 1075 1554 1116 cui
1586 1076 1713 1116 male-

215 1146 309 1188 ficio
335 1150 419 1186 tam
448 1144 613 1197 insigne
637 1144 886 1197 supplicium
916 1148 976 1184 est
1001 1144 1278 1186 constitutum,
1310 1142 1487 1196 probare
1508 1148 1560 1190 te,
1593 1141 1715 1182 Eruci

216 1225 363 1254 censes
394 1223 519 1265 posse
550 1211 704 1251 talibus
733 1210 844 1262 viris,
876 1210 910 1250 si
940 1223 991 1250 ne
1016 1222 1184 1250 causam
1209 1208 1375 1261 quidem
1402 1207 1593 1248 maleficii
1621 1220 1714 1261 pro-

215 1278 392 1320 tuleris?
450 1277 493 1318 Si
537 1277 646 1318 hunc
688 1276 800 1329 apud
840 1277 1040 1317 bonorum
1087 1279 1295 1329 emptores
1338 1274 1453 1327 ipsos
1493 1286 1715 1315 accusares

218 1346 337 1397 eique
367 1343 520 1384 iudicio
552 1343 853 1396 Chrysogonus
883 1346 1118 1396 praeesset,
1152 1346 1289 1382 tamen
1320 1340 1562 1393 diligentius
1593 1352 1715 1394 para-

170 1425 203 1448 73
217 1412 380 1463 tiusque
411 1409 611 1450 venisses.
680 1409 847 1460 Utrum,
886 1408 985 1461 quid
1016 1412 1188 1461 agatur,
1228 1420 1310 1447 non
1342 1406 1479 1457 vides,
1520 1419 1573 1446 an
1604 1405 1716 1460 apud

217 1490 320 1531 quos
357 1475 538 1529 agatur?
595 1476 825 1528 Agitur·de
857 1475 1102 1528 parricidio,
1141 1473 1251 1526 quod
1289 1472 1377 1514 sine
1408 1472 1548 1512 multis
1579 1471 1716 1513 causis

217 1543 373 1597 suscipi
403 1556 485 1584 non
516 1546 675 1594 potest3
717 1542 827 1596 apud
859 1541 1047 1582 homines
1079 1547 1215 1581 autem
1247 1538 1596 1593 prudentissimos
1628 1537 1717 1591 agi-

217 1615 294 1662 tur,
326 1609 394 1662 qui
425 1609 673 1662 intellegunt
703 1610 910 1650 neminem
941 1621 991 1648 ne
1024 1607 1239 1647 minimum
1270 1605 1437 1659 quidem
1468 1604 1717 1646 maleficium

217 1676 306 1718 sine
337 1688 466 1717 causa
496 1675 728 1716 admittere.

326 1741 502 1782 XXVII.
544 1741 658 1793 Esto,
691 1753 859 1781 causam
892 1740 1079 1794 proferre
1110 1752 1191 1780 non
1222 1742 1355 1792 potes.
1413 1737 1600 1778 Tametsi
1632 1740 1716 1777 sta-

217 1809 289 1850 tim
319 1807 471 1849 vicisse
497 1806 650 1859 debeo,
681 1811 821 1848 tame-n
852 1806 902 1847 de
934 1819 1026 1847 meo
1057 1806 1145 1846 iure
1176 1804 1377 1846 decedam
1409 1807 1449 1844 et
1477 1802 1574 1856 tibi,
1606 1801 1717 1855 quod

218 1876 257 1916 in
291 1875 376 1915 alia
407 1886 536 1915 causa
564 1886 645 1914 non
678 1872 963 1924 concederem,
994 1873 1035 1912 in
1068 1871 1147 1912 hac
1178 1870 1404 1912 concedam
1436 1870 1564 1910 fretus
1595 1868 1717 1910 huius

218 1940 472 1982 innocentia.
539 1939 633 1980 Non
664 1952 818 1992 quaero
852 1938 928 1979 abs
959 1945 1019 1985 te,
1056 1950 1184 1990 quare
1222 1941 1381 1990 patrem
1413 1936 1509 1977 Sex.
1542 1934 1717 1976 Roscius

220 2006 441 2059 occiderit,
481 2018 659 2059 quaero,
699 2018 779 2058 quo
816 2005 941 2046 modo
980 2003 1190 2046 occiderit.
1263 2003 1327 2043 Ita
1365 2014 1521 2055 quaero
1558 2001 1634 2042 abs
1663 2004 1719 2053 te,

316 2151 458 2185 Testim.
486 2152 551 2184 vet.

312 2213 331 2251 ἓ
361 2210 418 2244 72.
469 2208 542 2243 Cic.
570 2206 628 2242 Or.
656 2208 674 2247 ἓ
702 2206 781 2242 107.
820 2204 915 2247 Quid
941 2204 1033 2240 enim
1060 2207 1135 2239 tam
1166 2213 1358 2239 commune
1380 2222 1420 2226 —
1440 2200 1718 2246 conquiescant,

220 2267 265 2302 cf.
293 2278 329 2311 p.
358 2268 413 2302 14.
443 2285 483 2290 -
536 2265 728 2307 Quintil.
758 2266 812 2308 12,
840 2266 877 2306 6,
905 2265 927 2298 4
953 2262 1040 2306 quid
1069 2263 1162 2296 enim
1188 2266 1261 2297 tam
1288 2271 1480 2296 commune
1508 2280 1550 2285 —
1578 2259 1718 2302 eiectis,

220 2325 265 2362 cf.
293 2337 327 2370 p.
344 2327 398 2360 14.
430 2346 470 2350 —
499 2325 657 2359 Senec.
684 2327 799 2359 contr.
827 2325 859 2365 7,
879 2324 912 2363 2,
935 2324 954 2357 3
986 2322 1199 2364 (1).314,28
1219 2321 1284 2362 Κ.)
1315 2319 1403 2363 quid
1428 2324 1501 2354 tam
1530 2327 1719 2353 commune

221 2395 329 2429 quam
356 2384 505 2428 spiritus
524 2384 630 2427 vivis,
656 2388 754 2418 terra
780 2381 943 2423 mortuis,
971 2390 1069 2415 mare
1094 2379 1368 2421 fluctuantibus,
1398 2378 1482 2412 litus
1506 2376 1718 2411 eiectis?—

220 2445 353 2479 Arus.
381 2444 512 2478 Mess.
539 2443 606 2477 VII
632 2453 668 2486 p.
695 2443 775 2484 462,
805 2442 846 2477 16
872 2440 936 2474 K:
968 2439 1063 2473 idem
1091 2449 1156 2482 pro
1182 2438 1283 2472 Ros.
1311 2437 1410 2481 ‚quid
1438 2439 1494 2471 est
1520 2439 1594 2470 tam
1621 2445 1717 2469 com-

219 2513 326 2537 mune
354 2512 461 2546 quam
491 2501 641 2545 spiritus
667 2500 773 2541 vivis,
800 2503 898 2534 terra
924 2497 1111 2532 mortuis?‘
1140 2517 1182 2521 -—
1207 2495 1330 2530 Serv.
1361 2496 1468 2540 Verg.
1488 2494 1580 2529 Aen.
1599 2494 1631 2537 1,
1650 2493 1719 2529 540

220 2573 303 2596 nam
331 2561 418 2605 quid
446 2565 502 2596 est
526 2564 600 2594 tam
628 2568 818 2594 commune
845 2567 954 2602 quan]
980 2556 1129 2600 spiritus
1156 2555 1263 2597 vivis,
1289 2557 1387 2588 terra
1413 2553 1583 2594 mortuis,
1617 2561 1717 2586 mare

219 2620 493 2659 fluctuantibus,
518 2619 604 2653 litus
632 2617 783 2652 eiectis?
810 2637 852 2641 —
879 2616 1087 2650 Martian.
1118 2613 1257 2656 Capell.
1274 2624 1308 2657 p.
1325 2614 1405 2657 477,
1428 2613 1470 2647 17
1486 2612 1530 2646 H.
1561 2614 1617 2655 (p.
1640 2612 1718 2653 173,

219 2681 264 2716 23
290 2679 353 2717 E.)
382 2678 470 2712 illud
495 2676 664 2711 Tullii:
692 2685 802 2718 ,mare
830 2673 1091 2710 fluctuantibus
1118 2672 1203 2707 litus
1229 2671 1383 2707 eiectis.‘

315 2748 434 2782 Schol.
466 2747 528 2782 Gr.
585 2746 778 2790 Expiari
813 2743 1049 2789 putantur]
1103 2741 1162 2777 Sic
1198 2741 1269 2777 hoc
1303 2741 1413 2783 dixit,
1454 2739 1559 2785 quasi
1593 2737 1716 2774 omnia

220 2806 360 2843 scelera
386 2805 475 2840 mari
502 2805 703 2850 expientur.
