1945 3073
668 50 817 94 Kapitel
842 50 959 86 XLvi
987 55 1005 93 ς
1038 52 1113 87 135.
1577 50 1658 92 373

119 170 216 212 est,
245 164 313 216 qui
345 163 459 202 civile
488 162 636 200 bellum
668 164 920 214 concupiscit,
953 178 1013 215 ep.
1043 164 1135 201 fam.
1158 165 1218 213 11,
1243 166 1280 214 8,
1303 166 1325 201 2
1350 165 1498 203 Romae
1529 165 1658 202 delec-

117 237 178 268 tus
207 230 376 269 habetur
406 236 567 280 totaque
595 229 732 278 Italia,
771 231 811 267 si
844 231 924 268 hic
955 230 1181 268 delectus
1212 231 1555 281 appellandus
1588 239 1660 269 est

119 311 206 334 cum
243 297 345 335 ultro
384 310 426 334 se
465 296 634 333 offerunt
671 309 817 333 omnes.
850 319 902 324 ——
948 309 1036 350 quae
1065 309 1147 337 vero
1177 295 1348 351 convivial
1396 298 1485 335 Wie
1524 312 1564 335 es
1595 298 1659 335 bei

118 364 246 401 einem
276 363 487 400 solchen
509 361 663 412 Gela-ge
686 363 847 412 zuging,
878 368 992 412 moge
1023 376 1113 400 man
1144 377 1213 400 aus
1244 364 1339 402 zwei
1368 362 1531 411 kurzen,
1563 363 1658 400 abor

114 429 355 479 lebendigen
394 428 474 466 und
515 428 917 478 wahrheitsgetreuen
949 429 1267 478 Schilderungen
1306 430 1370 466 bei
1404 429 1543 467 Cicero
1577 437 1658 467 ent-

114 496 297 534 nehmen.
355 495 433 533 Die
463 495 550 533 eine
580 494 684 532 steht
713 496 826 533 Verr.
857 495 892 533 V
931 497 956 546 §
988 497 1038 534 28
1076 496 1305 544 ,nonnullae
1350 495 1424 550 (sc.
1457 495 1658 548 mulieres)

115 576 164 601 ex
194 576 239 600 eo
270 575 431 600 numero
462 562 502 598 in
533 562 754 599 convivium
780 562 1072 600 adhibebantur
1092 562 1245 613 palam3
1279 562 1312 600 si
1340 576 1441 614 quae
1472 564 1659 599 castiores

115 636 238 678 erant,
269 629 319 666 ad
349 636 502 679 tempus
532 628 759 679 veniebant,
791 628 919 666 lucem
952 635 1268 680 conventumque
1292 629 1484 667 vitabant.
1533 629 1660 665 Erant

114 702 243 733 autem
269 695 450 733 convivia
470 709 547 732 non
571 694 640 732 illo
665 695 820 733 silentio
847 701 1073 746 praetorum
1099 696 1236 746 populi
1255 696 1423 734 Romani
1444 702 1561 747 atque
1590 696 1659 732 im-

113 767 337 812 peratorum
368 775 496 812 neque
527 775 572 799 eo
599 761 764 813 pudore,
798 763 865 814 qui
894 763 933 799 in
958 763 1258 812 magistratuum
1291 763 1482 800 conviviis
1509 764 1658 799 versari

114 828 226 878 solet,
258 828 326 865 sed
351 841 435 865 cum
462 829 632 866 maximo
659 828 828 866 clamore
857 835 975 880 atque
994 829 1193 881 convici03
1225 842 1303 866 non
1321 842 1521 880 nunquam
1543 829 1659 866 etiam

111 908 173 932 res
192 894 241 931 ad
261 908 434 945 pugnam
455 901 572 945 atque
590 894 639 931 ad
666 909 803 932 manus
824 895 1054 934 vocabatur.
1098 896 1178 933 Iste
1204 897 1305 933 enim
1322 902 1480 947 praetor
1499 909 1659 933 severus

112 974 158 998 ae
187 961 370 1011 diligens,
394 962 462 1012 qui
484 961 621 1013 populi
640 962 809 999 Romani
832 961 987 1011 legibus
1005 976 1204 1014 nunquam
1225 963 1433 1013 paruisset,
1467 962 1544 999 illis
1563 963 1658 1011 logi-

112 1027 197 1076 bus,
229 1040 330 1078 quae
362 1029 401 1064 in
434 1029 585 1079 poculis
615 1028 877 1079 ponebantur,
913 1028 1124 1078 diligenter
1155 1029 1466 1079 obtemperabat.
1520 1029 1660 1080 Itaque

112 1100 222 1131 erant
253 1094 381 1132 exitus
410 1095 494 1132 eius
524 1094 652 1145 modi,
697 1102 738 1132 ut
767 1095 867 1132 alius
898 1096 999 1133 inter
1028 1109 1164 1133 manus
1196 1110 1216 1134 e
1248 1095 1427 1133 convivio
1459 1101 1658 1146 tamquam

114 1174 134 1198 e
164 1161 315 1211 proelio
347 1161 587 1210 auferretur,
626 1162 726 1199 alius
757 1168 957 1213 tamquam
997 1163 1147 1200 occisus
1187 1162 1497 1213 relinqueretur,
1541 1162 1658 1212 pleri-

113 1241 190 1278 que
218 1233 261 1264 ut
290 1228 366 1265 fusi
396 1229 480 1266 sine
511 1234 640 1266 mente
670 1242 716 1265 ac
746 1229 830 1266 sine
860 1229 941 1265 ullo
973 1242 1089 1267 sensu
1116 1230 1302 1277 iacerent,
1332 1235 1375 1266 ut
1398 1229 1540 1280 quivis,
1573 1242 1658 1265 cum

112 1293 375 1344 adspexisset,
415 1309 492 1332 non
523 1308 564 1332 se
593 1296 786 1346 praetoris
820 1295 1063 1343 convivium,
1108 1295 1177 1333 sed
1207 1295 1454 1333 Cannensem
1486 1308 1660 1345 pugnam

111 1361 379 1411 nequitiae
408 1361 544 1399 videre
575 1361 859 1413 arbitraretur‘,
889 1362 953 1400 die
982 1362 1129 1400 andere
1151 1377 1189 1413 p.
1212 1361 1344 1399 Gallio
1368 1362 1408 1398 in
1439 1361 1526 1398 dem
1559 1361 1658 1399 oben

112 1427 289 1464 citierten
318 1427 554 1477 Fragment:
593 1428 672 1478 ,Fit
702 1428 869 1479 clamer,
903 1429 943 1465 fit
974 1430 1193 1467 convicium
1223 1428 1451 1476 mulierum,
1481 1428 1524 1465 fit
1554 1441 1657 1479 sym-

111 1493 282 1544 phoniae
313 1499 463 1531 cantus.
524 1494 700 1532 Videbar
730 1495 826 1532 mihi
856 1495 992 1533 videre
1023 1497 1121 1534 alios
1152 1497 1366 1546 intrantes,
1398 1495 1496 1532 alios
1528 1502 1656 1533 autem

112 1565 322 1608 exeuntes,
367 1561 509 1611 partim
539 1574 587 1598 ex
619 1561 711 1599 Vino
750 1562 1000 1613 vacillantes,
1046 1563 1189 1613 partim
1228 1562 1414 1599 hesterna
1456 1562 1657 1612 potatione

112 1626 336 1664 oscitantes.
396 1626 642 1665 Versabatur
672 1628 773 1666 inter
803 1628 874 1666 hos
905 1627 1060 1666 Gallius
1093 1630 1305 1679 unguentis
1345 1628 1509 1678 oblitus,
1553 1628 1656 1665 redi-

111 1693 228 1730 mitus
260 1693 427 1730 coronis.
487 1693 643 1730 Humus
676 1700 759 1731 erat
789 1694 984 1732 lutulenta
1013 1696 1125 1746 vino,
1159 1696 1311 1733 coronis
1342 1694 1588 1744 languidulis
1622 1702 1659 1732 et

113 1760 237 1810 spinis
261 1766 445 1810 cooperta
462 1760 717 1810 piscium‘.-—
740 1761 786 1798 In
803 1761 988 1799 welchem
1003 1762 1132 1799 Massa
1153 1761 1382 1810 derLuxus,
1407 1761 1471 1799 die
1484 1761 1657 1799 V'ollerei

112 1825 192 1862 und
223 1825 526 1864 Unsittlichkeit
561 1826 626 1864 bei
665 1827 891 1877 derartigen
925 1827 1104 1878 Gelagen
1145 1829 1185 1865 in
1228 1828 1297 1866 der
1329 1828 1552 1865 Kaiserzeit
1591 1842 1657 1864 zu-

112 1892 251 1940 nahm,
272 1879 399 1929 ”lehrt
436 1906 509 1930 uns
548 1907 610 1930 am
648 1893 786 1931 besten
827 1893 889 1931 die
920 1894 1121 1932 bekannte
1152 1908 1249 1932 cena
1278 1893 1585 1932 Trimalchionis
1617 1895 1656 1931 in

112 1958 201 1996 dem
224 1958 489 1996 Sittenroman
514 1958 582 1996 des
601 1958 823 1997 Petronius.
849 1984 887 1988 —
925 1958 1066 2001 officina
1084 1959 1274 2015 nequitiaP]
1308 1961 1558 2012 Nequitia
1588 1960 1655 1998 be-

112 2025 290 2063 zeichnet
320 2025 417 2073 hier,
448 2026 520 2063 wie
550 2025 697 2076 haufig,
730 2026 793 2064 die
814 2026 1045 2065 liederliche
1066 2027 1297 2078 Lebensart,
1329 2028 1401 2064 wie
1419 2027 1521 2064 denn
1554 2027 1654 2064 auch

113 2091 327 2129 officina
355 2092 463 2130 nicht
492 2092 617 2130 selten
648 2093 711 2130 ein
740 2093 990 2132 liederliches
1020 2094 1132 2131 Hans
1172 2093 1359 2131 bedeutet
1388 2109 1444 2128 z
1473 2092 1655 2144 lupanar,

112 2172 154 2196 so
187 2158 271 2198 Mil.
304 2158 404 2208 glor.
437 2159 518 2196 880
549 2159 766 2209 opifiein
779 2173 813 2199 a.
868 2159 983 2196 Auch
1014 2160 1360 2198 deversorium
1391 2160 1524 2197 wurde
1555 2160 1656 2197 wohl

112 2224 256 2262 ebenso
288 2225 327 2261 in
366 2224 622 2274 anr'ucbigem
653 2224 774 2264 Sinne
820 2226 1040 2276 gebraucht
1075 2228 1146 2264 wie
1186 2227 1256 2264 das
1287 2226 1512 2264 verwandte
1544 2226 1658 2263 lVort

114 2291 512 2340 deverticulum,
558 2291 627 2328 (las
659 2291 722 2329 bei
753 2293 850 2330 Tac.
882 2293 984 2331 Anu.
1019 2294 1084 2342 13,
1116 2294 1166 2331 25
1212 2294 1251 2329 in
1282 2291 1548 2330 Gesellschast
1579 2306 1654 2329 von

114 2357 139 2407 ,l
154 2357 416 2408 upanaria‘
448 2358 693 2407 angetroffen
724 2358 832 2397 wird.

222 2423 416 2476 Composito
447 2419 584 2477 capillo]
627 2424 822 2462 Biicheler
861 2425 1015 2463 schrieb
1054 2425 1155 2461 nach
1185 2424 1267 2462 Pis.
1300 2425 1325 2475 ξ
1356 2425 1408 2462 25
1440 2431 1566 2473 ,erant
1594 2424 1652 2460 illi

114 2492 297 2541 compti
342 2489 521 2541 capilli
561 2496 598 2527 et
635 2490 838 2529 madentes
870 2492 1137 2528 cincinnorum
1176 2490 1368 2528 fimbriae‘
1407 2504 1456 2527 an
1494 2504 1655 2527 unserer

113 2556 236 2594 Stelle
274 2563 484 2607 compto,
531 2555 676 2594 ebenso
712 2556 946 2595 Fleckeisen
985 2557 1066 2594 und
1095 2557 1240 2594 Heine.
1299 2557 1433 2594 Allein
1471 2556 1540 2593 das
1577 2556 1655 2595 hss.

114 2637 250 2673 comp
266 2623 394 2659 osito
426 2623 522 2659 wird
552 2623 799 2673 hinlanglich
829 2623 1024 2673 gesichert
1047 2623 1171 2660 durch
1196 2637 1251 2661 or.
1276 2637 1313 2673 p.
1338 2622 1422 2660 red.
1442 2623 1481 2659 in
1501 2636 1582 2660 sen.
1606 2624 1654 2659 13

112 2688 286 2726 madenti
319 2701 448 2736 coma,
487 2690 769 2740 composito
802 2689 1002 2740 capillo.
1034 2711 1089 2716 -—
1124 2688 1251 2741 passim
1281 2701 1344 2741 per
1374 2687 1488 2729 forum
1517 2685 1651 2742 volitet]

114 2755 261 2805 griech.
300 2753 603 2796 κυλινδεῖσθαι
647 2752 694 2796 ἐν
724 2752 888 2811 ἀγορᾷ,
934 2755 1169 2796 κυλίεσθαι
1208 2756 1310 2808 περὶ
1349 2753 1426 2808 τὴν
1463 2751 1652 2808 ἀγοράν;

113 2820 496 2872 ,ᾗρι-ιιηιςῐοΙΖὶεῑΥΕῃ,
551 2821 928 2870 herumflankieren,
985 2821 1068 2858 sich
1116 2820 1409 2859 herumtreiben
1455 2821 1526 2858 auf
1566 2823 1654 2861 ete.‘

112 2887 254 2925 Dieser
291 2887 606 2938 metaphorische
645 2886 856 2926 Gebrauch
896 2901 974 2925 von
1014 2887 1240 2925 volitare
1289 2885 1358 2940 (cf.
1398 2887 1653 2937 Nagelsbach

1684 2427 1708 2477 ξ
1741 2428 1832 2465 135.
