<?xml version="1.0" encoding="UTF-8"?>
<!DOCTYPE html PUBLIC "-//W3C//DTD XHTML 1.0 Transitional//EN"
    "http://www.w3.org/TR/xhtml1/DTD/xhtml1-transitional.dtd">
<html xmlns="http://www.w3.org/1999/xhtml" xml:lang="en" lang="en">
 <head>
  <title>
</title>
<meta http-equiv="Content-Type" content="text/html;charset=utf-8" />
  <meta name='ocr-system' content='tesseract 3.04.00' />
  <meta name='ocr-capabilities' content='ocr_page ocr_carea ocr_par ocr_line ocrx_word'/>
</head>
<body>
  <div class='ocr_page' id='page_1' title='image "./redefrsexrisci00ciceuoft_0030.png"; bbox 0 0 1820 3068; ppageno 0'>
   <div class='ocr_carea' id='block_1_1' title="bbox 156 127 1222 171">
    <p class='ocr_par' dir='ltr' id='par_1_1' title="bbox 156 127 1222 171">
     <span class='ocr_line' id='line_1_1' title="bbox 156 127 1222 171; baseline -0.003 -6"><span class='ocrx_word' id='word_1_1' title='bbox 156 127 212 171; x_wconf 79' lang='lat'>20</span> <span class='ocrx_word' id='word_1_2' title='bbox 597 128 668 164; x_wconf 92' lang='lat' dir='ltr'>Pro</span> <span class='ocrx_word' id='word_1_3' title='bbox 694 127 776 164; x_wconf 89' lang='lat' dir='ltr'>Sex.</span> <span class='ocrx_word' id='word_1_4' title='bbox 803 127 939 164; x_wconf 84' lang='lat' dir='ltr'>Roscio</span> <span class='ocrx_word' id='word_1_5' title='bbox 966 139 996 163; x_wconf 92' lang='lat' dir='ltr'>c.</span> <span class='ocrx_word' id='word_1_6' title='bbox 1026 130 1041 164; x_wconf 90' lang='lat'>1</span> <span class='ocrx_word' id='word_1_7' title='bbox 1071 129 1090 169; x_wconf 67' lang='grc' dir='ltr'>ξ</span> <span class='ocrx_word' id='word_1_8' title='bbox 1118 128 1222 162; x_wconf 75' lang='grc'><strong>2-4.</strong></span> 
     </span>
    </p>
   </div>
   <div class='ocr_carea' id='block_1_2' title="bbox 116 237 1652 1754">
    <p class='ocr_par' dir='ltr' id='par_1_2' title="bbox 116 237 1652 1754">
     <span class='ocr_line' id='line_1_2' title="bbox 156 237 1651 293; baseline -0.001 -12"><span class='ocrx_word' id='word_1_9' title='bbox 156 238 323 281; x_wconf 88' lang='lat' dir='ltr'>toritate</span> <span class='ocrx_word' id='word_1_10' title='bbox 354 239 430 280; x_wconf 91' lang='lat' dir='ltr'>sim</span> <span class='ocrx_word' id='word_1_11' title='bbox 462 253 553 282; x_wconf 91' lang='lat' dir='ltr'>cum</span> <span class='ocrx_word' id='word_1_12' title='bbox 585 240 670 293; x_wconf 86' lang='lat' dir='ltr'>his,</span> <span class='ocrx_word' id='word_1_13' title='bbox 700 240 769 293; x_wconf 91' lang='lat' dir='ltr'>qui</span> <span class='ocrx_word' id='word_1_14' title='bbox 800 238 994 288; x_wconf 88' lang='lat' dir='ltr'>sedeant,</span> <span class='ocrx_word' id='word_1_15' title='bbox 1032 237 1352 291; x_wconf 85' lang='lat' dir='ltr'>comparandus.</span> <span class='ocrx_word' id='word_1_16' title='bbox 1411 237 1566 291; x_wconf 87' lang='lat' dir='ltr'>Omnes</span> <span class='ocrx_word' id='word_1_17' title='bbox 1595 238 1651 291; x_wconf 91' lang='lat' dir='ltr'>hi,</span> 
     </span>
     <span class='ocr_line' id='line_1_3' title="bbox 157 304 1652 359; baseline -0.001 -12"><span class='ocrx_word' id='word_1_18' title='bbox 157 319 261 359; x_wconf 91' lang='lat' dir='ltr'>quos</span> <span class='ocrx_word' id='word_1_19' title='bbox 294 305 444 347; x_wconf 83' lang='lat' dir='ltr'>videtis</span> <span class='ocrx_word' id='word_1_20' title='bbox 475 306 638 357; x_wconf 81' lang='lat' dir='ltr'>adesse,</span> <span class='ocrx_word' id='word_1_21' title='bbox 670 306 711 346; x_wconf 93' lang='lat' dir='ltr'>in</span> <span class='ocrx_word' id='word_1_22' title='bbox 741 306 822 347; x_wconf 89' lang='lat' dir='ltr'>hac</span> <span class='ocrx_word' id='word_1_23' title='bbox 853 318 982 346; x_wconf 86' lang='lat' dir='ltr'>causa</span> <span class='ocrx_word' id='word_1_24' title='bbox 1010 304 1204 344; x_wconf 89' lang='lat' dir='ltr'>iniuriam</span> <span class='ocrx_word' id='word_1_25' title='bbox 1232 316 1339 345; x_wconf 81' lang='lat' dir='ltr'>novo</span> <span class='ocrx_word' id='word_1_26' title='bbox 1370 305 1526 346; x_wconf 89' lang='lat' dir='ltr'>scelere</span> <span class='ocrx_word' id='word_1_27' title='bbox 1557 317 1652 346; x_wconf 89' lang='lat' dir='ltr'>con-</span> 
     </span>
     <span class='ocr_line' id='line_1_4' title="bbox 155 370 1651 426; baseline 0 -14"><span class='ocrx_word' id='word_1_28' title='bbox 155 371 297 413; x_wconf 90' lang='lat' dir='ltr'>flatam</span> <span class='ocrx_word' id='word_1_29' title='bbox 330 377 478 426; x_wconf 89' lang='lat' dir='ltr'>putant</span> <span class='ocrx_word' id='word_1_30' title='bbox 508 376 700 426; x_wconf 80' lang='lat' dir='ltr'>oportere</span> <span class='ocrx_word' id='word_1_31' title='bbox 734 371 923 423; x_wconf 87' lang='lat' dir='ltr'>defendi,</span> <span class='ocrx_word' id='word_1_32' title='bbox 969 370 1194 412; x_wconf 86' lang='lat' dir='ltr'>defendere</span> <span class='ocrx_word' id='word_1_33' title='bbox 1234 370 1314 424; x_wconf 89' lang='lat' dir='ltr'>ipsi</span> <span class='ocrx_word' id='word_1_34' title='bbox 1362 375 1533 425; x_wconf 90' lang='lat' dir='ltr'>propter</span> <span class='ocrx_word' id='word_1_35' title='bbox 1576 371 1651 412; x_wconf 88' lang='lat' dir='ltr'>ini-</span> 
     </span>
     <span class='ocr_line' id='line_1_5' title="bbox 157 436 1651 492; baseline -0.001 -13"><span class='ocrx_word' id='word_1_36' title='bbox 157 439 355 491; x_wconf 83' lang='lat' dir='ltr'>quitatem</span> <span class='ocrx_word' id='word_1_37' title='bbox 386 443 616 492; x_wconf 87' lang='lat' dir='ltr'>temporum</span> <span class='ocrx_word' id='word_1_38' title='bbox 647 451 729 478; x_wconf 90' lang='lat' dir='ltr'>non</span> <span class='ocrx_word' id='word_1_39' title='bbox 760 438 926 479; x_wconf 86' lang='lat' dir='ltr'>audent.</span> <span class='ocrx_word' id='word_1_40' title='bbox 986 437 1049 477; x_wconf 88' lang='lat' dir='ltr'>Ita</span> <span class='ocrx_word' id='word_1_41' title='bbox 1079 436 1143 489; x_wconf 88' lang='lat' dir='ltr'>fit,</span> <span class='ocrx_word' id='word_1_42' title='bbox 1176 441 1218 477; x_wconf 87' lang='lat' dir='ltr'>ut</span> <span class='ocrx_word' id='word_1_43' title='bbox 1247 436 1386 488; x_wconf 76' lang='lat' dir='ltr'>adsint</span> <span class='ocrx_word' id='word_1_44' title='bbox 1417 442 1651 491; x_wconf 89' lang='lat' dir='ltr'>propterea,</span> 
     </span>
     <span class='ocr_line' id='line_1_6' title="bbox 156 503 1650 558; baseline 0.001 -13"><span class='ocrx_word' id='word_1_45' title='bbox 156 505 266 557; x_wconf 92' lang='lat' dir='ltr'>quod</span> <span class='ocrx_word' id='word_1_46' title='bbox 298 504 478 545; x_wconf 82' lang='lat' dir='ltr'>officium</span> <span class='ocrx_word' id='word_1_47' title='bbox 510 510 756 556; x_wconf 87' lang='lat' dir='ltr'>sequuntur,</span> <span class='ocrx_word' id='word_1_48' title='bbox 787 508 955 544; x_wconf 87' lang='lat' dir='ltr'>taceant</span> <span class='ocrx_word' id='word_1_49' title='bbox 984 507 1120 544; x_wconf 87' lang='lat' dir='ltr'>autem</span> <span class='ocrx_word' id='word_1_50' title='bbox 1151 503 1328 556; x_wconf 85' lang='lat' dir='ltr'>idcirco,</span> <span class='ocrx_word' id='word_1_51' title='bbox 1362 506 1460 557; x_wconf 89' lang='lat' dir='ltr'>quia</span> <span class='ocrx_word' id='word_1_52' title='bbox 1490 504 1650 558; x_wconf 90' lang='lat' dir='ltr'>pericu-</span> 
     </span>
     <span class='ocr_line' id='line_1_7' title="bbox 125 569 1650 623; baseline 0 -11"><span class='ocrx_word' id='word_1_53' title='bbox 125 570 237 612; x_wconf 85' lang='lat' dir='ltr'>2lum</span> <span class='ocrx_word' id='word_1_54' title='bbox 270 571 411 611; x_wconf 84' lang='lat' dir='ltr'>vitant.</span> <span class='ocrx_word' id='word_1_55' title='bbox 474 570 582 619; x_wconf 82' lang='lat' dir='ltr'>Quid</span> <span class='ocrx_word' id='word_1_56' title='bbox 614 570 747 623; x_wconf 78' lang='lat' dir='ltr'>ergo?</span> <span class='ocrx_word' id='word_1_57' title='bbox 779 569 1084 610; x_wconf 84' lang='lat' dir='ltr'>audacissimus</span> <span class='ocrx_word' id='word_1_58' title='bbox 1116 582 1195 623; x_wconf 87' lang='lat' dir='ltr'>ego</span> <span class='ocrx_word' id='word_1_59' title='bbox 1227 583 1277 610; x_wconf 82' lang='lat' dir='ltr'>ex</span> <span class='ocrx_word' id='word_1_60' title='bbox 1308 571 1531 612; x_wconf 78' lang='lat' dir='ltr'>omnibus?</span> <span class='ocrx_word' id='word_1_61' title='bbox 1576 571 1650 612; x_wconf 90' lang='lat' dir='ltr'>Mi-</span> 
     </span>
     <span class='ocr_line' id='line_1_8' title="bbox 155 636 1651 690; baseline 0 -12"><span class='ocrx_word' id='word_1_62' title='bbox 155 637 277 678; x_wconf 88' lang='lat' dir='ltr'>nime.</span> <span class='ocrx_word' id='word_1_63' title='bbox 336 637 399 676; x_wconf 89' lang='lat' dir='ltr'>An</span> <span class='ocrx_word' id='word_1_64' title='bbox 445 640 559 677; x_wconf 89' lang='lat' dir='ltr'>tanto</span> <span class='ocrx_word' id='word_1_65' title='bbox 606 636 832 678; x_wconf 86' lang='lat' dir='ltr'>officiosior</span> <span class='ocrx_word' id='word_1_66' title='bbox 872 649 995 689; x_wconf 89' lang='lat' dir='ltr'>quam</span> <span class='ocrx_word' id='word_1_67' title='bbox 1035 636 1189 677; x_wconf 75' lang='lat' dir='ltr'>ceteri?</span> <span class='ocrx_word' id='word_1_68' title='bbox 1239 636 1301 678; x_wconf 91' lang='lat' dir='ltr'>Ne</span> <span class='ocrx_word' id='word_1_69' title='bbox 1333 636 1451 678; x_wconf 90' lang='lat' dir='ltr'>istius</span> <span class='ocrx_word' id='word_1_70' title='bbox 1483 637 1651 690; x_wconf 91' lang='lat' dir='ltr'>quidem</span> 
     </span>
     <span class='ocr_line' id='line_1_9' title="bbox 153 702 1651 756; baseline -0.001 -11"><span class='ocrx_word' id='word_1_71' title='bbox 153 702 291 745; x_wconf 89' lang='lat' dir='ltr'>laudis</span> <span class='ocrx_word' id='word_1_72' title='bbox 322 703 381 743; x_wconf 89' lang='lat' dir='ltr'>ita</span> <span class='ocrx_word' id='word_1_73' title='bbox 410 715 499 743; x_wconf 91' lang='lat' dir='ltr'>sum</span> <span class='ocrx_word' id='word_1_74' title='bbox 531 702 718 756; x_wconf 86' lang='lat' dir='ltr'>cupidus,</span> <span class='ocrx_word' id='word_1_75' title='bbox 751 707 794 744; x_wconf 89' lang='lat' dir='ltr'>ut</span> <span class='ocrx_word' id='word_1_76' title='bbox 824 703 918 744; x_wconf 88' lang='lat' dir='ltr'>aliis</span> <span class='ocrx_word' id='word_1_77' title='bbox 950 715 1041 744; x_wconf 90' lang='lat' dir='ltr'>eam</span> <span class='ocrx_word' id='word_1_78' title='bbox 1069 707 1334 756; x_wconf 84' lang='lat' dir='ltr'>praereptam</span> <span class='ocrx_word' id='word_1_79' title='bbox 1358 702 1495 744; x_wconf 87' lang='lat' dir='ltr'>velim.</span> <span class='ocrx_word' id='word_1_80' title='bbox 1532 702 1651 752; x_wconf 77' lang='lat' dir='ltr'>Quae</span> 
     </span>
     <span class='ocr_line' id='line_1_10' title="bbox 153 768 1650 823; baseline 0.001 -14"><span class='ocrx_word' id='word_1_81' title='bbox 153 782 217 810; x_wconf 89' lang='lat' dir='ltr'>me</span> <span class='ocrx_word' id='word_1_82' title='bbox 247 768 372 822; x_wconf 86' lang='lat' dir='ltr'>igitur</span> <span class='ocrx_word' id='word_1_83' title='bbox 402 781 467 809; x_wconf 89' lang='lat' dir='ltr'>res</span> <span class='ocrx_word' id='word_1_84' title='bbox 498 773 665 822; x_wconf 88' lang='lat' dir='ltr'>praeter</span> <span class='ocrx_word' id='word_1_85' title='bbox 696 773 856 810; x_wconf 89' lang='lat' dir='ltr'>ceteros</span> <span class='ocrx_word' id='word_1_86' title='bbox 886 769 1066 823; x_wconf 85' lang='lat' dir='ltr'>impulit,</span> <span class='ocrx_word' id='word_1_87' title='bbox 1107 774 1151 810; x_wconf 91' lang='lat' dir='ltr'>ut</span> <span class='ocrx_word' id='word_1_88' title='bbox 1181 781 1349 809; x_wconf 89' lang='lat' dir='ltr'>causam</span> <span class='ocrx_word' id='word_1_89' title='bbox 1381 769 1478 810; x_wconf 78' lang='lat' dir='ltr'>Sex,</span> <span class='ocrx_word' id='word_1_90' title='bbox 1511 769 1650 811; x_wconf 82' lang='lat' dir='ltr'>Roscii</span> 
     </span>
     <span class='ocr_line' id='line_1_11' title="bbox 152 834 1650 889; baseline 0.001 -14"><span class='ocrx_word' id='word_1_91' title='bbox 152 834 412 888; x_wconf 79' lang='lat' dir='ltr'>reciperem?</span> <span class='ocrx_word' id='word_1_92' title='bbox 458 834 566 884; x_wconf 82' lang='lat' dir='ltr'>Quia</span> <span class='ocrx_word' id='word_1_93' title='bbox 597 836 631 876; x_wconf 92' lang='lat' dir='ltr'>si</span> <span class='ocrx_word' id='word_1_94' title='bbox 663 836 754 889; x_wconf 90' lang='lat' dir='ltr'>quis</span> <span class='ocrx_word' id='word_1_95' title='bbox 786 836 931 876; x_wconf 91' lang='lat' dir='ltr'>horum</span> <span class='ocrx_word' id='word_1_96' title='bbox 963 835 1151 887; x_wconf 80' lang='lat' dir='ltr'>dixisset,</span> <span class='ocrx_word' id='word_1_97' title='bbox 1183 847 1286 887; x_wconf 91' lang='lat' dir='ltr'>quos</span> <span class='ocrx_word' id='word_1_98' title='bbox 1315 835 1466 876; x_wconf 86' lang='lat' dir='ltr'>videtis</span> <span class='ocrx_word' id='word_1_99' title='bbox 1486 836 1650 888; x_wconf 87' lang='lat' dir='ltr'>adesse,</span> 
     </span>
     <span class='ocr_line' id='line_1_12' title="bbox 152 900 1650 955; baseline 0.001 -14"><span class='ocrx_word' id='word_1_100' title='bbox 152 901 192 942; x_wconf 92' lang='lat' dir='ltr'>in</span> <span class='ocrx_word' id='word_1_101' title='bbox 224 901 372 954; x_wconf 90' lang='lat' dir='ltr'>quibus</span> <span class='ocrx_word' id='word_1_102' title='bbox 404 913 565 942; x_wconf 88' lang='lat' dir='ltr'>summa</span> <span class='ocrx_word' id='word_1_103' title='bbox 595 902 822 943; x_wconf 88' lang='lat' dir='ltr'>auctoritas</span> <span class='ocrx_word' id='word_1_104' title='bbox 867 907 930 942; x_wconf 91' lang='lat' dir='ltr'>est</span> <span class='ocrx_word' id='word_1_105' title='bbox 959 906 1084 954; x_wconf 88' lang='lat' dir='ltr'>atque</span> <span class='ocrx_word' id='word_1_106' title='bbox 1116 900 1368 955; x_wconf 78' lang='lat' dir='ltr'>amplitudo,</span> <span class='ocrx_word' id='word_1_107' title='bbox 1415 902 1449 942; x_wconf 91' lang='lat' dir='ltr'>si</span> <span class='ocrx_word' id='word_1_108' title='bbox 1479 902 1650 943; x_wconf 89' lang='lat' dir='ltr'>verbum</span> 
     </span>
     <span class='ocr_line' id='line_1_13' title="bbox 152 967 1649 1021; baseline 0.001 -12"><span class='ocrx_word' id='word_1_109' title='bbox 152 968 203 1009; x_wconf 89' lang='lat' dir='ltr'>de</span> <span class='ocrx_word' id='word_1_110' title='bbox 234 981 277 1009; x_wconf 91' lang='lat' dir='ltr'>re</span> <span class='ocrx_word' id='word_1_111' title='bbox 308 967 476 1021; x_wconf 87' lang='lat' dir='ltr'>publica</span> <span class='ocrx_word' id='word_1_112' title='bbox 515 967 703 1018; x_wconf 89' lang='lat' dir='ltr'>fecisset,</span> <span class='ocrx_word' id='word_1_113' title='bbox 748 968 791 1009; x_wconf 92' lang='lat' dir='ltr'>id</span> <span class='ocrx_word' id='word_1_114' title='bbox 824 968 935 1021; x_wconf 86' lang='lat' dir='ltr'>quod</span> <span class='ocrx_word' id='word_1_115' title='bbox 981 967 1022 1008; x_wconf 95' lang='lat' dir='ltr'>in</span> <span class='ocrx_word' id='word_1_116' title='bbox 1068 967 1148 1009; x_wconf 89' lang='lat' dir='ltr'>hac</span> <span class='ocrx_word' id='word_1_117' title='bbox 1191 980 1320 1009; x_wconf 88' lang='lat' dir='ltr'>causa</span> <span class='ocrx_word' id='word_1_118' title='bbox 1358 967 1446 1009; x_wconf 88' lang='lat' dir='ltr'>fieri</span> <span class='ocrx_word' id='word_1_119' title='bbox 1477 981 1649 1010; x_wconf 88' lang='lat' dir='ltr'>necesse</span> 
     </span>
     <span class='ocr_line' id='line_1_14' title="bbox 121 1034 1649 1088; baseline 0.001 -14"><span class='ocrx_word' id='word_1_120' title='bbox 121 1039 233 1084; x_wconf 75' lang='lat' dir='ltr'>aest,</span> <span class='ocrx_word' id='word_1_121' title='bbox 266 1034 393 1074; x_wconf 89' lang='lat' dir='ltr'>multo</span> <span class='ocrx_word' id='word_1_122' title='bbox 427 1034 546 1086; x_wconf 87' lang='lat' dir='ltr'>plura</span> <span class='ocrx_word' id='word_1_123' title='bbox 576 1034 734 1076; x_wconf 81' lang='lat' dir='ltr'>dixisse</span> <span class='ocrx_word' id='word_1_124' title='bbox 768 1048 890 1087; x_wconf 89' lang='lat' dir='ltr'>quam</span> <span class='ocrx_word' id='word_1_125' title='bbox 923 1034 1099 1075; x_wconf 78' lang='lat' dir='ltr'>dixisset</span> <span class='ocrx_word' id='word_1_126' title='bbox 1129 1038 1362 1088; x_wconf 89' lang='lat' dir='ltr'>putaretur:</span> <span class='ocrx_word' id='word_1_127' title='bbox 1400 1047 1479 1088; x_wconf 86' lang='lat' dir='ltr'>ego</span> <span class='ocrx_word' id='word_1_128' title='bbox 1511 1039 1649 1076; x_wconf 91' lang='lat' dir='ltr'>autem</span> 
     </span>
     <span class='ocr_line' id='line_1_15' title="bbox 150 1099 1648 1154; baseline 0.001 -13"><span class='ocrx_word' id='word_1_129' title='bbox 150 1101 183 1141; x_wconf 90' lang='lat' dir='ltr'>si</span> <span class='ocrx_word' id='word_1_130' title='bbox 216 1099 366 1150; x_wconf 83' lang='lat' dir='ltr'>omnia,</span> <span class='ocrx_word' id='word_1_131' title='bbox 399 1113 506 1152; x_wconf 88' lang='lat' dir='ltr'>quae</span> <span class='ocrx_word' id='word_1_132' title='bbox 526 1100 704 1142; x_wconf 89' lang='lat' dir='ltr'>dicenda</span> <span class='ocrx_word' id='word_1_133' title='bbox 722 1106 828 1153; x_wconf 89' lang='lat' dir='ltr'>sunt,</span> <span class='ocrx_word' id='word_1_134' title='bbox 863 1101 993 1142; x_wconf 89' lang='lat' dir='ltr'>libere</span> <span class='ocrx_word' id='word_1_135' title='bbox 1024 1100 1182 1153; x_wconf 77' lang='lat' dir='ltr'>dixero,</span> <span class='ocrx_word' id='word_1_136' title='bbox 1215 1113 1478 1154; x_wconf 85' lang='lat' dir='ltr'>nequaquam</span> <span class='ocrx_word' id='word_1_137' title='bbox 1509 1106 1648 1143; x_wconf 88' lang='lat' dir='ltr'>tamen</span> 
     </span>
     <span class='ocr_line' id='line_1_16' title="bbox 150 1165 1647 1222; baseline 0.003 -16"><span class='ocrx_word' id='word_1_138' title='bbox 150 1166 338 1207; x_wconf 89' lang='lat' dir='ltr'>similiter</span> <span class='ocrx_word' id='word_1_139' title='bbox 370 1165 503 1207; x_wconf 89' lang='lat' dir='ltr'>oratio</span> <span class='ocrx_word' id='word_1_140' title='bbox 549 1180 644 1208; x_wconf 89' lang='lat' dir='ltr'>mea</span> <span class='ocrx_word' id='word_1_141' title='bbox 682 1167 795 1209; x_wconf 86' lang='lat' dir='ltr'>exire</span> <span class='ocrx_word' id='word_1_142' title='bbox 840 1172 962 1221; x_wconf 89' lang='lat' dir='ltr'>atque</span> <span class='ocrx_word' id='word_1_143' title='bbox 994 1167 1034 1207; x_wconf 91' lang='lat' dir='ltr'>in</span> <span class='ocrx_word' id='word_1_144' title='bbox 1066 1167 1216 1221; x_wconf 81' lang='lat' dir='ltr'>vulgus</span> <span class='ocrx_word' id='word_1_145' title='bbox 1248 1180 1443 1209; x_wconf 86' lang='lat' dir='ltr'>emanare</span> <span class='ocrx_word' id='word_1_146' title='bbox 1474 1168 1647 1222; x_wconf 83' lang='lat' dir='ltr'>poterit3</span> 
     </span>
     <span class='ocr_line' id='line_1_17' title="bbox 150 1232 1648 1289; baseline 0.002 -16"><span class='ocrx_word' id='word_1_147' title='bbox 150 1232 299 1274; x_wconf 88' lang='lat' dir='ltr'>deinde</span> <span class='ocrx_word' id='word_1_148' title='bbox 346 1232 456 1286; x_wconf 89' lang='lat' dir='ltr'>quod</span> <span class='ocrx_word' id='word_1_149' title='bbox 501 1237 731 1274; x_wconf 89' lang='lat' dir='ltr'>ceterorum</span> <span class='ocrx_word' id='word_1_150' title='bbox 771 1247 904 1287; x_wconf 91' lang='lat' dir='ltr'>neque</span> <span class='ocrx_word' id='word_1_151' title='bbox 942 1233 1094 1274; x_wconf 89' lang='lat' dir='ltr'>dictum</span> <span class='ocrx_word' id='word_1_152' title='bbox 1134 1234 1355 1275; x_wconf 87' lang='lat' dir='ltr'>obscurum</span> <span class='ocrx_word' id='word_1_153' title='bbox 1388 1238 1525 1289; x_wconf 88' lang='lat' dir='ltr'>potest</span> <span class='ocrx_word' id='word_1_154' title='bbox 1555 1247 1648 1277; x_wconf 89' lang='lat' dir='ltr'>esse</span> 
     </span>
     <span class='ocr_line' id='line_1_18' title="bbox 148 1299 1646 1354; baseline 0.002 -14"><span class='ocrx_word' id='word_1_155' title='bbox 148 1304 319 1353; x_wconf 90' lang='lat' dir='ltr'>propter</span> <span class='ocrx_word' id='word_1_156' title='bbox 352 1299 611 1341; x_wconf 85' lang='lat' dir='ltr'>nobilitatem</span> <span class='ocrx_word' id='word_1_157' title='bbox 642 1306 681 1341; x_wconf 88' lang='lat' dir='ltr'>et</span> <span class='ocrx_word' id='word_1_158' title='bbox 711 1299 1027 1354; x_wconf 87' lang='lat' dir='ltr'>amplitudinem</span> <span class='ocrx_word' id='word_1_159' title='bbox 1059 1313 1192 1353; x_wconf 92' lang='lat' dir='ltr'>neque</span> <span class='ocrx_word' id='word_1_160' title='bbox 1223 1306 1378 1342; x_wconf 89' lang='lat' dir='ltr'>temere</span> <span class='ocrx_word' id='word_1_161' title='bbox 1409 1300 1520 1342; x_wconf 87' lang='lat' dir='ltr'>dicto</span> <span class='ocrx_word' id='word_1_162' title='bbox 1552 1314 1646 1343; x_wconf 91' lang='lat' dir='ltr'>con-</span> 
     </span>
     <span class='ocr_line' id='line_1_19' title="bbox 149 1365 1647 1420; baseline 0.002 -14"><span class='ocrx_word' id='word_1_163' title='bbox 149 1365 239 1406; x_wconf 90' lang='lat' dir='ltr'>cedi</span> <span class='ocrx_word' id='word_1_164' title='bbox 286 1370 456 1419; x_wconf 87' lang='lat' dir='ltr'>propter</span> <span class='ocrx_word' id='word_1_165' title='bbox 500 1370 680 1408; x_wconf 85' lang='lat' dir='ltr'>aetatem</span> <span class='ocrx_word' id='word_1_166' title='bbox 725 1371 766 1407; x_wconf 88' lang='lat' dir='ltr'>et</span> <span class='ocrx_word' id='word_1_167' title='bbox 809 1366 1092 1420; x_wconf 84' lang='lat' dir='ltr'>prudentiam3</span> <span class='ocrx_word' id='word_1_168' title='bbox 1141 1379 1220 1420; x_wconf 84' lang='lat' dir='ltr'>ego</span> <span class='ocrx_word' id='word_1_169' title='bbox 1265 1366 1299 1407; x_wconf 90' lang='lat' dir='ltr'>si</span> <span class='ocrx_word' id='word_1_170' title='bbox 1338 1367 1437 1420; x_wconf 91' lang='lat' dir='ltr'>quid</span> <span class='ocrx_word' id='word_1_171' title='bbox 1475 1367 1647 1409; x_wconf 91' lang='lat' dir='ltr'>liberius</span> 
     </span>
     <span class='ocr_line' id='line_1_20' title="bbox 148 1430 1648 1487; baseline 0.002 -16"><span class='ocrx_word' id='word_1_172' title='bbox 148 1430 312 1483; x_wconf 78' lang='lat' dir='ltr'>dixero,</span> <span class='ocrx_word' id='word_1_173' title='bbox 363 1432 428 1473; x_wconf 90' lang='lat' dir='ltr'>vel</span> <span class='ocrx_word' id='word_1_174' title='bbox 461 1433 667 1474; x_wconf 88' lang='lat' dir='ltr'>occultum</span> <span class='ocrx_word' id='word_1_175' title='bbox 700 1445 817 1485; x_wconf 86' lang='lat' dir='ltr'>esse,</span> <span class='ocrx_word' id='word_1_176' title='bbox 863 1437 1086 1487; x_wconf 87' lang='lat' dir='ltr'>propterea</span> <span class='ocrx_word' id='word_1_177' title='bbox 1123 1433 1234 1486; x_wconf 90' lang='lat' dir='ltr'>quod</span> <span class='ocrx_word' id='word_1_178' title='bbox 1264 1433 1446 1475; x_wconf 90' lang='lat' dir='ltr'>nondum</span> <span class='ocrx_word' id='word_1_179' title='bbox 1478 1433 1532 1474; x_wconf 89' lang='lat' dir='ltr'>ad</span> <span class='ocrx_word' id='word_1_180' title='bbox 1561 1447 1648 1475; x_wconf 90' lang='lat' dir='ltr'>rem</span> 
     </span>
     <span class='ocr_line' id='line_1_21' title="bbox 147 1497 1647 1555; baseline 0.003 -17"><span class='ocrx_word' id='word_1_181' title='bbox 147 1497 357 1551; x_wconf 88' lang='lat' dir='ltr'>publicam</span> <span class='ocrx_word' id='word_1_182' title='bbox 388 1499 569 1551; x_wconf 88' lang='lat' dir='ltr'>accessi,</span> <span class='ocrx_word' id='word_1_183' title='bbox 614 1500 679 1540; x_wconf 88' lang='lat' dir='ltr'>vel</span> <span class='ocrx_word' id='word_1_184' title='bbox 720 1499 881 1552; x_wconf 85' lang='lat' dir='ltr'>ignosci</span> <span class='ocrx_word' id='word_1_185' title='bbox 912 1499 1224 1542; x_wconf 86' lang='lat' dir='ltr'>adulescentiae</span> <span class='ocrx_word' id='word_1_186' title='bbox 1264 1499 1438 1555; x_wconf 82' lang='lat' dir='ltr'>poterit3</span> <span class='ocrx_word' id='word_1_187' title='bbox 1481 1500 1647 1549; x_wconf 79' lang='lat' dir='ltr'>tametsi</span> 
     </span>
     <span class='ocr_line' id='line_1_22' title="bbox 146 1563 1644 1620; baseline 0.002 -15"><span class='ocrx_word' id='word_1_188' title='bbox 146 1577 229 1605; x_wconf 91' lang='lat' dir='ltr'>non</span> <span class='ocrx_word' id='word_1_189' title='bbox 257 1564 381 1605; x_wconf 91' lang='lat' dir='ltr'>modo</span> <span class='ocrx_word' id='word_1_190' title='bbox 424 1565 671 1618; x_wconf 80' lang='lat' dir='ltr'>ignoscendi</span> <span class='ocrx_word' id='word_1_191' title='bbox 705 1565 834 1619; x_wconf 86' lang='lat' dir='ltr'>ratio,</span> <span class='ocrx_word' id='word_1_192' title='bbox 884 1579 1026 1607; x_wconf 87' lang='lat' dir='ltr'>verum</span> <span class='ocrx_word' id='word_1_193' title='bbox 1072 1566 1195 1607; x_wconf 90' lang='lat' dir='ltr'>etiam</span> <span class='ocrx_word' id='word_1_194' title='bbox 1224 1563 1518 1620; x_wconf 68' lang='lat' dir='ltr'>‘cognoscendi</span> <span class='ocrx_word' id='word_1_195' title='bbox 1551 1580 1644 1609; x_wconf 92' lang='lat' dir='ltr'>con-</span> 
     </span>
     <span class='ocr_line' id='line_1_23' title="bbox 116 1631 1646 1687; baseline 0.003 -16"><span class='ocrx_word' id='word_1_196' title='bbox 116 1631 321 1672; x_wconf 77' lang='lat' dir='ltr'>4suetud0</span> <span class='ocrx_word' id='word_1_197' title='bbox 367 1631 449 1672; x_wconf 91' lang='lat' dir='ltr'>iam</span> <span class='ocrx_word' id='word_1_198' title='bbox 498 1632 549 1673; x_wconf 90' lang='lat' dir='ltr'>de</span> <span class='ocrx_word' id='word_1_199' title='bbox 594 1633 761 1674; x_wconf 89' lang='lat' dir='ltr'>civitate</span> <span class='ocrx_word' id='word_1_200' title='bbox 810 1632 975 1674; x_wconf 90' lang='lat' dir='ltr'>sublata</span> <span class='ocrx_word' id='word_1_201' title='bbox 1020 1637 1094 1674; x_wconf 90' lang='lat' dir='ltr'>est.</span> <span class='ocrx_word' id='word_1_202' title='bbox 1153 1633 1329 1675; x_wconf 88' lang='lat' dir='ltr'>Accedit</span> <span class='ocrx_word' id='word_1_203' title='bbox 1371 1633 1445 1674; x_wconf 88' lang='lat' dir='ltr'>illa</span> <span class='ocrx_word' id='word_1_204' title='bbox 1470 1646 1646 1687; x_wconf 89' lang='lat' dir='ltr'>quoque</span> 
     </span>
     <span class='ocr_line' id='line_1_24' title="bbox 148 1698 1649 1754; baseline 0.003 -16"><span class='ocrx_word' id='word_1_205' title='bbox 148 1711 288 1749; x_wconf 84' lang='lat' dir='ltr'>causa,</span> <span class='ocrx_word' id='word_1_206' title='bbox 320 1698 431 1751; x_wconf 89' lang='lat' dir='ltr'>quod</span> <span class='ocrx_word' id='word_1_207' title='bbox 463 1711 488 1739; x_wconf 92' lang='lat' dir='ltr'>a</span> <span class='ocrx_word' id='word_1_208' title='bbox 519 1699 667 1740; x_wconf 90' lang='lat' dir='ltr'>ceteris</span> <span class='ocrx_word' id='word_1_209' title='bbox 700 1699 875 1741; x_wconf 89' lang='lat' dir='ltr'>forsitan</span> <span class='ocrx_word' id='word_1_210' title='bbox 906 1700 964 1740; x_wconf 90' lang='lat' dir='ltr'>ita</span> <span class='ocrx_word' id='word_1_211' title='bbox 993 1699 1166 1753; x_wconf 88' lang='lat' dir='ltr'>petitum</span> <span class='ocrx_word' id='word_1_212' title='bbox 1197 1699 1271 1753; x_wconf 89' lang='lat' dir='ltr'>sit,</span> <span class='ocrx_word' id='word_1_213' title='bbox 1302 1705 1346 1741; x_wconf 84' lang='lat' dir='ltr'>ut-</span> <span class='ocrx_word' id='word_1_214' title='bbox 1375 1699 1573 1754; x_wconf 89' lang='lat' dir='ltr'>dicerent,</span> <span class='ocrx_word' id='word_1_215' title='bbox 1604 1705 1649 1742; x_wconf 90' lang='lat' dir='ltr'>ut</span> 
     </span>
    </p>
   </div>
   <div class='ocr_carea' id='block_1_3' title="bbox 152 1780 704 1784">
    <p class='ocr_par' dir='ltr' id='par_1_3' title="bbox 152 1780 704 1784">
     <span class='ocr_line' id='line_1_25' title="bbox 152 1780 704 1784; baseline 0 0"><span class='ocrx_word' id='word_1_216' title='bbox 152 1780 704 1784; x_wconf 95' lang='lat' dir='ltr'> </span> 
     </span>
    </p>
   </div>
   <div class='ocr_carea' id='block_1_4' title="bbox 143 1811 1646 2504">
    <p class='ocr_par' dir='ltr' id='par_1_4' title="bbox 144 1811 1646 2021">
     <span class='ocr_line' id='line_1_26' title="bbox 243 1811 477 1846; baseline 0.009 -2"><span class='ocrx_word' id='word_1_217' title='bbox 243 1811 386 1846; x_wconf 71' lang='lat' dir='ltr'>Testim.</span> <span class='ocrx_word' id='word_1_218' title='bbox 412 1815 477 1846; x_wconf 62' lang='lat' dir='ltr'>vet.</span> 
     </span>
     <span class='ocr_line' id='line_1_27' title="bbox 240 1869 1502 1915; baseline 0.001 -10"><span class='ocrx_word' id='word_1_219' title='bbox 240 1872 258 1910; x_wconf 69' lang='grc' dir='ltr'>ἓ</span> <span class='ocrx_word' id='word_1_220' title='bbox 286 1872 318 1905; x_wconf 80' lang='lat'>2.</span> <span class='ocrx_word' id='word_1_221' title='bbox 370 1869 543 1906; x_wconf 88' lang='lat' dir='ltr'>Charis.</span> <span class='ocrx_word' id='word_1_222' title='bbox 571 1882 605 1915; x_wconf 91' lang='lat' dir='ltr'>p.</span> <span class='ocrx_word' id='word_1_223' title='bbox 632 1872 713 1914; x_wconf 79' lang='lat'>206,</span> <span class='ocrx_word' id='word_1_224' title='bbox 741 1873 762 1907; x_wconf 82' lang='lat'>4</span> <span class='ocrx_word' id='word_1_225' title='bbox 790 1871 833 1906; x_wconf 89' lang='grc' dir='ltr'>Κ.</span> <span class='ocrx_word' id='word_1_226' title='bbox 860 1870 974 1906; x_wconf 90' lang='lat' dir='ltr'>multo</span> <span class='ocrx_word' id='word_1_227' title='bbox 1001 1870 1107 1915; x_wconf 89' lang='lat' dir='ltr'>plura</span> <span class='ocrx_word' id='word_1_228' title='bbox 1135 1870 1273 1906; x_wconf 82' lang='lat' dir='ltr'>dixisse</span> <span class='ocrx_word' id='word_1_229' title='bbox 1299 1874 1502 1914; x_wconf 87' lang='lat' dir='ltr'>putaretur.</span> 
     </span>
     <span class='ocr_line' id='line_1_28' title="bbox 238 1923 1646 1975; baseline 0.004 -13"><span class='ocrx_word' id='word_1_230' title='bbox 238 1930 257 1968; x_wconf 64' lang='grc' dir='ltr'>ξ</span> <span class='ocrx_word' id='word_1_231' title='bbox 284 1929 314 1963; x_wconf 82' lang='lat'>3.</span> <span class='ocrx_word' id='word_1_232' title='bbox 367 1928 544 1965; x_wconf 87' lang='lat' dir='ltr'>Charis.</span> <span class='ocrx_word' id='word_1_233' title='bbox 570 1940 605 1974; x_wconf 87' lang='lat' dir='ltr'>p.</span> <span class='ocrx_word' id='word_1_234' title='bbox 633 1931 724 1975; x_wconf 77' lang='lat'>203,</span> <span class='ocrx_word' id='word_1_235' title='bbox 752 1932 796 1967; x_wconf 79' lang='lat'>30</span> <span class='ocrx_word' id='word_1_236' title='bbox 834 1941 905 1975; x_wconf 87' lang='lat' dir='ltr'>ego</span> <span class='ocrx_word' id='word_1_237' title='bbox 940 1923 1064 1965; x_wconf 84' lang='lat' dir='ltr'>omnia</span> <span class='ocrx_word' id='word_1_238' title='bbox 1107 1939 1202 1973; x_wconf 89' lang='lat' dir='ltr'>quae</span> <span class='ocrx_word' id='word_1_239' title='bbox 1236 1930 1395 1965; x_wconf 89' lang='lat' dir='ltr'>dicenda</span> <span class='ocrx_word' id='word_1_240' title='bbox 1427 1934 1513 1966; x_wconf 86' lang='lat' dir='ltr'>sunt</span> <span class='ocrx_word' id='word_1_241' title='bbox 1532 1930 1646 1967; x_wconf 90' lang='lat' dir='ltr'>libere</span> 
     </span>
     <span class='ocr_line' id='line_1_29' title="bbox 144 1985 1419 2021; baseline 0.002 -1"><span class='ocrx_word' id='word_1_242' title='bbox 144 1985 281 2021; x_wconf 86' lang='lat' dir='ltr'>dixero.</span> <span class='ocrx_word' id='word_1_243' title='bbox 1136 1996 1138 1998; x_wconf 78' lang='grc'>’</span> <span class='ocrx_word' id='word_1_244' title='bbox 1410 1993 1419 1997; x_wconf 70' lang='grc'><em>’</em></span> 
     </span>
    </p>

    <p class='ocr_par' dir='ltr' id='par_1_5' title="bbox 239 2044 451 2081">
     <span class='ocr_line' id='line_1_30' title="bbox 239 2044 451 2081; baseline 0.014 -3"><span class='ocrx_word' id='word_1_245' title='bbox 239 2044 358 2079; x_wconf 76' lang='lat' dir='ltr'>Sclzol.</span> <span class='ocrx_word' id='word_1_246' title='bbox 390 2045 451 2081; x_wconf 78' lang='lat' dir='ltr'>Gr.</span> 
     </span>
    </p>

    <p class='ocr_par' dir='ltr' id='par_1_6' title="bbox 240 2104 1307 2151">
     <span class='ocr_line' id='line_1_31' title="bbox 240 2104 1307 2151; baseline 0.004 -14"><span class='ocrx_word' id='word_1_247' title='bbox 240 2105 317 2144; x_wconf 65' lang='lat'>§2</span> <span class='ocrx_word' id='word_1_248' title='bbox 346 2104 491 2145; x_wconf 82' lang='lat' dir='ltr'>Quid?</span> <span class='ocrx_word' id='word_1_249' title='bbox 519 2115 603 2150; x_wconf 85' lang='lat' dir='ltr'>ego</span> <span class='ocrx_word' id='word_1_250' title='bbox 626 2105 994 2151; x_wconf 86' lang='lat' dir='ltr'>audacissimus]</span> <span class='ocrx_word' id='word_1_251' title='bbox 1025 2105 1236 2151; x_wconf 86' lang='lat' dir='ltr'>Antiptosis</span> <span class='ocrx_word' id='word_1_252' title='bbox 1258 2108 1307 2150; x_wconf 68' lang='lat'>4).</span> 
     </span>
    </p>

    <p class='ocr_par' dir='ltr' id='par_1_7' title="bbox 143 2160 1645 2269">
     <span class='ocr_line' id='line_1_32' title="bbox 237 2160 1645 2210; baseline 0.003 -15"><span class='ocrx_word' id='word_1_253' title='bbox 237 2160 308 2195; x_wconf 90' lang='lat' dir='ltr'>An</span> <span class='ocrx_word' id='word_1_254' title='bbox 335 2166 464 2198; x_wconf 87' lang='lat' dir='ltr'>tanto</span> <span class='ocrx_word' id='word_1_255' title='bbox 495 2163 791 2210; x_wconf 88' lang='lat' dir='ltr'>officiosior]</span> <span class='ocrx_word' id='word_1_256' title='bbox 821 2162 1075 2201; x_wconf 89' lang='lat' dir='ltr'>Officiosiores</span> <span class='ocrx_word' id='word_1_257' title='bbox 1110 2166 1279 2200; x_wconf 90' lang='lat' dir='ltr'>dicuntur</span> <span class='ocrx_word' id='word_1_258' title='bbox 1312 2164 1461 2208; x_wconf 84' lang='lat' dir='ltr'>proprie</span> <span class='ocrx_word' id='word_1_259' title='bbox 1481 2165 1542 2207; x_wconf 78' lang='grc'>5),</span> <span class='ocrx_word' id='word_1_260' title='bbox 1584 2165 1645 2210; x_wconf 91' lang='lat' dir='ltr'>qui</span> 
     </span>
     <span class='ocr_line' id='line_1_33' title="bbox 143 2219 1580 2269; baseline 0.003 -16"><span class='ocrx_word' id='word_1_261' title='bbox 143 2219 271 2254; x_wconf 86' lang='lat' dir='ltr'>volunt</span> <span class='ocrx_word' id='word_1_262' title='bbox 298 2221 345 2255; x_wconf 90' lang='lat' dir='ltr'>ad</span> <span class='ocrx_word' id='word_1_263' title='bbox 371 2232 475 2257; x_wconf 89' lang='lat' dir='ltr'>suum</span> <span class='ocrx_word' id='word_1_264' title='bbox 501 2221 664 2258; x_wconf 90' lang='lat' dir='ltr'>officium</span> <span class='ocrx_word' id='word_1_265' title='bbox 692 2225 886 2268; x_wconf 87' lang='lat' dir='ltr'>pertinere,</span> <span class='ocrx_word' id='word_1_266' title='bbox 914 2231 953 2260; x_wconf 86' lang='lat' dir='ltr'>ut</span> <span class='ocrx_word' id='word_1_267' title='bbox 979 2225 1126 2269; x_wconf 84' lang='lat' dir='ltr'>rapiant</span> <span class='ocrx_word' id='word_1_268' title='bbox 1152 2234 1287 2258; x_wconf 87' lang='lat' dir='ltr'>causas</span> <span class='ocrx_word' id='word_1_269' title='bbox 1314 2222 1580 2258; x_wconf 83' lang='lat' dir='ltr'>defendendas.</span> 
     </span>
    </p>

    <p class='ocr_par' dir='ltr' id='par_1_8' title="bbox 144 2281 1645 2504">
     <span class='ocr_line' id='line_1_34' title="bbox 238 2281 1643 2327; baseline 0.001 -13"><span class='ocrx_word' id='word_1_270' title='bbox 238 2281 315 2319; x_wconf 76' lang='lat'>§3.</span> <span class='ocrx_word' id='word_1_271' title='bbox 357 2281 548 2325; x_wconf 86' lang='lat' dir='ltr'>Ignosci</span> <span class='ocrx_word' id='word_1_272' title='bbox 586 2282 967 2327; x_wconf 85' lang='lat' dir='ltr'>adolescentiae]</span> <span class='ocrx_word' id='word_1_273' title='bbox 1019 2284 1117 2318; x_wconf 90' lang='lat' dir='ltr'>Inter</span> <span class='ocrx_word' id='word_1_274' title='bbox 1157 2283 1416 2327; x_wconf 87' lang='lat' dir='ltr'>ignoscere</span> <span class='ocrx_word' id='word_1_275' title='bbox 1458 2285 1496 2317; x_wconf 86' lang='lat' dir='ltr'>et</span> <span class='ocrx_word' id='word_1_276' title='bbox 1534 2291 1643 2326; x_wconf 84' lang='lat' dir='ltr'>cog-</span> 
     </span>
     <span class='ocr_line' id='line_1_35' title="bbox 144 2338 1645 2386; baseline 0.005 -17"><span class='ocrx_word' id='word_1_277' title='bbox 144 2346 343 2372; x_wconf 89' lang='lat' dir='ltr'>noscere</span> <span class='ocrx_word' id='word_1_278' title='bbox 370 2338 440 2374; x_wconf 90' lang='lat' dir='ltr'>hoc</span> <span class='ocrx_word' id='word_1_279' title='bbox 467 2342 629 2376; x_wconf 85' lang='lat' dir='ltr'>interest.</span> <span class='ocrx_word' id='word_1_280' title='bbox 656 2342 856 2386; x_wconf 87' lang='lat' dir='ltr'>Ignoscere</span> <span class='ocrx_word' id='word_1_281' title='bbox 885 2346 961 2376; x_wconf 88' lang='lat' dir='ltr'>est:</span> <span class='ocrx_word' id='word_1_282' title='bbox 990 2342 1122 2385; x_wconf 87' lang='lat' dir='ltr'>erravi,</span> <span class='ocrx_word' id='word_1_283' title='bbox 1151 2341 1199 2375; x_wconf 89' lang='lat' dir='ltr'>da</span> <span class='ocrx_word' id='word_1_284' title='bbox 1225 2341 1381 2376; x_wconf 89' lang='lat' dir='ltr'>veniam.</span> <span class='ocrx_word' id='word_1_285' title='bbox 1409 2340 1645 2385; x_wconf 86' lang='lat' dir='ltr'>Cognoscere</span> 
     </span>
     <span class='ocr_line' id='line_1_36' title="bbox 146 2399 1645 2444; baseline 0.003 -16"><span class='ocrx_word' id='word_1_286' title='bbox 146 2399 220 2429; x_wconf 84' lang='lat' dir='ltr'>est:</span> <span class='ocrx_word' id='word_1_287' title='bbox 248 2406 320 2430; x_wconf 88' lang='lat' dir='ltr'>non</span> <span class='ocrx_word' id='word_1_288' title='bbox 348 2400 486 2442; x_wconf 79' lang='lat' dir='ltr'>erravi,</span> <span class='ocrx_word' id='word_1_289' title='bbox 528 2401 615 2435; x_wconf 85' lang='lat' dir='ltr'>audi</span> <span class='ocrx_word' id='word_1_290' title='bbox 646 2411 713 2436; x_wconf 87' lang='lat' dir='ltr'>me.</span> <span class='ocrx_word' id='word_1_291' title='bbox 764 2401 873 2436; x_wconf 89' lang='lat' dir='ltr'>Modo</span> <span class='ocrx_word' id='word_1_292' title='bbox 900 2411 988 2436; x_wconf 90' lang='lat' dir='ltr'>vero</span> <span class='ocrx_word' id='word_1_293' title='bbox 1015 2400 1051 2434; x_wconf 88' lang='lat' dir='ltr'>in</span> <span class='ocrx_word' id='word_1_294' title='bbox 1077 2399 1147 2434; x_wconf 87' lang='lat' dir='ltr'>hac</span> <span class='ocrx_word' id='word_1_295' title='bbox 1175 2400 1327 2435; x_wconf 88' lang='lat' dir='ltr'>civitate</span> <span class='ocrx_word' id='word_1_296' title='bbox 1352 2410 1425 2434; x_wconf 91' lang='lat' dir='ltr'>non</span> <span class='ocrx_word' id='word_1_297' title='bbox 1451 2399 1561 2435; x_wconf 90' lang='lat' dir='ltr'>modo</span> <span class='ocrx_word' id='word_1_298' title='bbox 1586 2399 1645 2444; x_wconf 87' lang='lat' dir='ltr'>ig-</span> 
     </span>
     <span class='ocr_line' id='line_1_37' title="bbox 144 2455 1245 2504; baseline 0.006 -18"><span class='ocrx_word' id='word_1_299' title='bbox 144 2455 320 2489; x_wconf 85' lang='lat' dir='ltr'>noscendi</span> <span class='ocrx_word' id='word_1_300' title='bbox 347 2457 442 2492; x_wconf 87' lang='lat' dir='ltr'>ratio</span> <span class='ocrx_word' id='word_1_301' title='bbox 470 2458 620 2494; x_wconf 86' lang='lat' dir='ltr'>sublata.</span> <span class='ocrx_word' id='word_1_302' title='bbox 647 2463 715 2502; x_wconf 90' lang='lat' dir='ltr'>est,</span> <span class='ocrx_word' id='word_1_303' title='bbox 747 2460 814 2495; x_wconf 91' lang='lat' dir='ltr'>sed</span> <span class='ocrx_word' id='word_1_304' title='bbox 843 2460 952 2494; x_wconf 87' lang='lat' dir='ltr'>etiam</span> <span class='ocrx_word' id='word_1_305' title='bbox 981 2459 1245 2504; x_wconf 86' lang='lat' dir='ltr'>cognoscendi.</span> 
     </span>
    </p>
   </div>
   <div class='ocr_carea' id='block_1_5' title="bbox 146 2527 367 2532">
    <p class='ocr_par' dir='ltr' id='par_1_9' title="bbox 146 2527 367 2532">
     <span class='ocr_line' id='line_1_38' title="bbox 146 2527 367 2532; baseline 0 0"><span class='ocrx_word' id='word_1_306' title='bbox 146 2527 367 2532; x_wconf 95' lang='lat' dir='ltr'> </span> 
     </span>
    </p>
   </div>
   <div class='ocr_carea' id='block_1_6' title="bbox 142 2556 1643 2878">
    <p class='ocr_par' dir='ltr' id='par_1_10' title="bbox 142 2556 1643 2878">
     <span class='ocr_line' id='line_1_39' title="bbox 240 2556 1643 2597; baseline 0 -11"><span class='ocrx_word' id='word_1_307' title='bbox 240 2556 273 2596; x_wconf 76' lang='lat'>4)</span> <span class='ocrx_word' id='word_1_308' title='bbox 310 2557 570 2597; x_wconf 72' lang='lat' dir='ltr'>Antiptosis</span> <span class='ocrx_word' id='word_1_309' title='bbox 605 2557 647 2588; x_wconf 86' lang='lat' dir='ltr'>ist</span> <span class='ocrx_word' id='word_1_310' title='bbox 679 2558 751 2588; x_wconf 89' lang='lat' dir='ltr'>hier</span> <span class='ocrx_word' id='word_1_311' title='bbox 783 2558 872 2588; x_wconf 83' lang='lat' dir='ltr'>wohl</span> <span class='ocrx_word' id='word_1_312' title='bbox 910 2557 1098 2596; x_wconf 78' lang='lat' dir='ltr'>unrichtig3</span> <span class='ocrx_word' id='word_1_313' title='bbox 1135 2567 1214 2587; x_wconf 82' lang='lat' dir='ltr'>man</span> <span class='ocrx_word' id='word_1_314' title='bbox 1254 2558 1399 2587; x_wconf 75' lang='lat' dir='ltr'>versteht</span> <span class='ocrx_word' id='word_1_315' title='bbox 1441 2561 1532 2587; x_wconf 84' lang='lat' dir='ltr'>sonst</span> <span class='ocrx_word' id='word_1_316' title='bbox 1564 2556 1643 2596; x_wconf 81' lang='lat' dir='ltr'>jene</span> 
     </span>
     <span class='ocr_line' id='line_1_40' title="bbox 143 2603 1641 2643; baseline 0.003 -12"><span class='ocrx_word' id='word_1_317' title='bbox 143 2610 318 2639; x_wconf 73' lang='lat' dir='ltr'>grammat.</span> <span class='ocrx_word' id='word_1_318' title='bbox 347 2605 450 2642; x_wconf 72' lang='lat' dir='ltr'>Figur</span> <span class='ocrx_word' id='word_1_319' title='bbox 475 2606 649 2643; x_wconf 84' lang='lat' dir='ltr'>darunter,</span> <span class='ocrx_word' id='word_1_320' title='bbox 677 2616 771 2636; x_wconf 82' lang='lat' dir='ltr'>wenn</span> <span class='ocrx_word' id='word_1_321' title='bbox 798 2605 850 2636; x_wconf 89' lang='grc'><strong>0111</strong></span> <span class='ocrx_word' id='word_1_322' title='bbox 876 2606 983 2636; x_wconf 84' lang='lat' dir='ltr'>Casus</span> <span class='ocrx_word' id='word_1_323' title='bbox 1009 2610 1088 2635; x_wconf 84' lang='lat' dir='ltr'>statt</span> <span class='ocrx_word' id='word_1_324' title='bbox 1114 2606 1170 2635; x_wconf 83' lang='lat' dir='ltr'>des</span> <span class='ocrx_word' id='word_1_325' title='bbox 1196 2605 1322 2634; x_wconf 84' lang='lat' dir='ltr'>andern</span> <span class='ocrx_word' id='word_1_326' title='bbox 1348 2605 1453 2641; x_wconf 81' lang='lat' dir='ltr'>steht,</span> <span class='ocrx_word' id='word_1_327' title='bbox 1480 2605 1519 2634; x_wconf 92' lang='lat' dir='ltr'>cf.</span> <span class='ocrx_word' id='word_1_328' title='bbox 1548 2603 1641 2636; x_wconf 79' lang='lat' dir='ltr'>Serv.</span> 
     </span>
     <span class='ocr_line' id='line_1_41' title="bbox 142 2650 1642 2693; baseline -0.004 -6"><span class='ocrx_word' id='word_1_329' title='bbox 142 2650 242 2687; x_wconf 66' lang='lat' dir='ltr'>Vssl&#39;g·</span> <span class='ocrx_word' id='word_1_330' title='bbox 270 2652 355 2683; x_wconf 78' lang='lat' dir='ltr'>Aen.</span> <span class='ocrx_word' id='word_1_331' title='bbox 386 2656 420 2687; x_wconf 78' lang='grc'>1,</span> <span class='ocrx_word' id='word_1_332' title='bbox 452 2654 527 2683; x_wconf 80' lang='grc'><strong>120,</strong></span> <span class='ocrx_word' id='word_1_333' title='bbox 555 2670 597 2673; x_wconf 90' lang='lat'>——</span> <span class='ocrx_word' id='word_1_334' title='bbox 651 2653 686 2693; x_wconf 85' lang='lat'>5)</span> <span class='ocrx_word' id='word_1_335' title='bbox 713 2653 859 2683; x_wconf 88' lang='lat' dir='ltr'>officium</span> <span class='ocrx_word' id='word_1_336' title='bbox 893 2653 1072 2693; x_wconf 88' lang='lat' dir='ltr'>proprie</span> <span class='ocrx_word' id='word_1_337' title='bbox 1102 2651 1281 2692; x_wconf 69' lang='lat' dir='ltr'>pertinere,</span> <span class='ocrx_word' id='word_1_338' title='bbox 1311 2652 1385 2689; x_wconf 90' lang='lat' dir='ltr'>Gr.,</span> <span class='ocrx_word' id='word_1_339' title='bbox 1424 2652 1463 2683; x_wconf 86' lang='lat' dir='ltr'>B.</span> <span class='ocrx_word' id='word_1_340' title='bbox 1491 2652 1549 2681; x_wconf 83' lang='lat' dir='ltr'>hat</span> <span class='ocrx_word' id='word_1_341' title='bbox 1582 2652 1642 2681; x_wconf 80' lang='lat' dir='ltr'>das</span> 
     </span>
     <span class='ocr_line' id='line_1_42' title="bbox 142 2696 1642 2739; baseline 0.001 -13"><span class='ocrx_word' id='word_1_342' title='bbox 142 2696 238 2726; x_wconf 48' lang='lat' dir='ltr'>&amp;Vox-t</span> <span class='ocrx_word' id='word_1_343' title='bbox 265 2698 540 2737; x_wconf 66' lang='lat' dir='ltr'>cingcschlossen,</span> <span class='ocrx_word' id='word_1_344' title='bbox 569 2699 624 2730; x_wconf 91' lang='lat' dir='ltr'>Or.</span> <span class='ocrx_word' id='word_1_345' title='bbox 653 2711 737 2738; x_wconf 81' lang='lat' dir='ltr'>ganz</span> <span class='ocrx_word' id='word_1_346' title='bbox 763 2701 997 2739; x_wconf 82' lang='lat' dir='ltr'>weggelasscn.</span> <span class='ocrx_word' id='word_1_347' title='bbox 1037 2700 1096 2730; x_wconf 85' lang='lat' dir='ltr'>Ich</span> <span class='ocrx_word' id='word_1_348' title='bbox 1122 2699 1207 2729; x_wconf 83' lang='lat' dir='ltr'>habe</span> <span class='ocrx_word' id='word_1_349' title='bbox 1235 2710 1268 2729; x_wconf 90' lang='lat' dir='ltr'>es</span> <span class='ocrx_word' id='word_1_350' title='bbox 1294 2700 1379 2730; x_wconf 84' lang='lat' dir='ltr'>nach</span> <span class='ocrx_word' id='word_1_351' title='bbox 1407 2698 1561 2729; x_wconf 87' lang='lat' dir='ltr'>dicuntur</span> <span class='ocrx_word' id='word_1_352' title='bbox 1586 2707 1642 2737; x_wconf 82' lang='lat' dir='ltr'>ge-</span> 
     </span>
     <span class='ocr_line' id='line_1_43' title="bbox 144 2745 1642 2787; baseline 0.003 -15"><span class='ocrx_word' id='word_1_353' title='bbox 144 2749 222 2773; x_wconf 80' lang='lat' dir='ltr'>setzt</span> <span class='ocrx_word' id='word_1_354' title='bbox 249 2747 334 2775; x_wconf 77' lang='lat' dir='ltr'>nach</span> <span class='ocrx_word' id='word_1_355' title='bbox 363 2746 453 2777; x_wconf 86' lang='lat' dir='ltr'>einer</span> <span class='ocrx_word' id='word_1_356' title='bbox 479 2746 657 2777; x_wconf 74' lang='grc'><strong>’3111111011011</strong></span> <span class='ocrx_word' id='word_1_357' title='bbox 684 2748 785 2778; x_wconf 88' lang='lat' dir='ltr'>Stellc</span> <span class='ocrx_word' id='word_1_358' title='bbox 812 2749 868 2778; x_wconf 88' lang='lat' dir='ltr'>des</span> <span class='ocrx_word' id='word_1_359' title='bbox 896 2747 1105 2779; x_wconf 86' lang='lat' dir='ltr'>Scholiasten</span> <span class='ocrx_word' id='word_1_360' title='bbox 1131 2757 1161 2787; x_wconf 93' lang='lat' dir='ltr'>p.</span> <span class='ocrx_word' id='word_1_361' title='bbox 1191 2749 1275 2785; x_wconf 74' lang='lat'>384,</span> <span class='ocrx_word' id='word_1_362' title='bbox 1304 2750 1345 2777; x_wconf 83' lang='lat'>35</span> <span class='ocrx_word' id='word_1_363' title='bbox 1374 2746 1430 2779; x_wconf 88' lang='lat' dir='ltr'>Or.</span> <span class='ocrx_word' id='word_1_364' title='bbox 1465 2745 1642 2776; x_wconf 81' lang='lat' dir='ltr'>discrimen</span> 
     </span>
     <span class='ocr_line' id='line_1_44' title="bbox 143 2794 1640 2834; baseline 0.002 -13"><span class='ocrx_word' id='word_1_365' title='bbox 143 2796 255 2822; x_wconf 83' lang='lat' dir='ltr'>autem</span> <span class='ocrx_word' id='word_1_366' title='bbox 294 2799 341 2823; x_wconf 81' lang='lat' dir='ltr'>cst</span> <span class='ocrx_word' id='word_1_367' title='bbox 372 2794 568 2833; x_wconf 83' lang='lat' dir='ltr'>proprie,</span> <span class='ocrx_word' id='word_1_368' title='bbox 605 2796 695 2834; x_wconf 81' lang='lat' dir='ltr'>quod</span> <span class='ocrx_word' id='word_1_369' title='bbox 730 2800 809 2834; x_wconf 87' lang='grc'><strong>010,;</strong></span> <span class='ocrx_word' id='word_1_370' title='bbox 848 2796 887 2826; x_wconf 89' lang='lat' dir='ltr'>cf.</span> <span class='ocrx_word' id='word_1_371' title='bbox 916 2795 1006 2826; x_wconf 81' lang='lat' dir='ltr'>Serv.</span> <span class='ocrx_word' id='word_1_372' title='bbox 1047 2796 1090 2825; x_wconf 82' lang='lat' dir='ltr'>ad</span> <span class='ocrx_word' id='word_1_373' title='bbox 1115 2794 1216 2833; x_wconf 87' lang='lat' dir='ltr'>Verg.</span> <span class='ocrx_word' id='word_1_374' title='bbox 1245 2794 1329 2825; x_wconf 87' lang='lat' dir='ltr'>Aen.</span> <span class='ocrx_word' id='word_1_375' title='bbox 1360 2797 1401 2832; x_wconf 72' lang='lat'>2,</span> <span class='ocrx_word' id='word_1_376' title='bbox 1429 2796 1494 2825; x_wconf 84' lang='grc'>683</span> <span class='ocrx_word' id='word_1_377' title='bbox 1531 2794 1640 2833; x_wconf 81' lang='lat' dir='ltr'>‚apex‘</span> 
     </span>
     <span class='ocr_line' id='line_1_45' title="bbox 143 2839 546 2878; baseline 0.012 -12"><span class='ocrx_word' id='word_1_378' title='bbox 143 2847 163 2877; x_wconf 84' lang='lat' dir='ltr'>p</span> <span class='ocrx_word' id='word_1_379' title='bbox 175 2848 249 2878; x_wconf 80' lang='lat' dir='ltr'>rop</span> <span class='ocrx_word' id='word_1_380' title='bbox 260 2839 317 2870; x_wconf 87' lang='lat' dir='ltr'>rie</span> <span class='ocrx_word' id='word_1_381' title='bbox 343 2840 462 2871; x_wconf 84' lang='lat' dir='ltr'>dicitur</span> <span class='ocrx_word' id='word_1_382' title='bbox 488 2847 546 2871; x_wconf 81' lang='lat' dir='ltr'>etc.</span> 
     </span>
    </p>
   </div>
  </div>
 </body>
</html>
