1820 3068
537 99 606 134 Pro
633 99 716 135 Sex.
743 98 880 136 Roscio
904 112 934 135 c.
961 100 1004 137 33
1034 104 1053 142 ξ
1082 102 1126 137 92
1138 102 1232 137 -94,
1581 104 1632 146 61,

140 209 421 263 impellerent3
455 209 670 251 videamus
701 224 810 252 nunc
842 224 997 263 ecquae
1031 211 1207 252 facultas
1231 212 1485 265 suscipiendi
1508 215 1633 255 male-

144 276 222 316 ficii
268 276 403 317 fuerit.
462 277 542 318 Ubi
589 277 751 318 occisus
797 281 859 317 est
905 277 1001 317 Sex.
1041 277 1246 317 Roscius?
1284 302 1334 306 —
1380 279 1551 320 Romae.
1584 305 1633 310 —

142 342 284 391 Quid?
314 347 377 395 tu,
407 343 454 383 T.
486 343 630 395 Rosci,
662 343 731 383 ubi
762 347 860 383 tunc
890 342 1015 383 eras?
1045 367 1095 372 —
1126 343 1296 384 Romae.
1355 343 1506 385 Verum
1537 345 1635 398 quid

141 409 194 449 ad
226 409 344 450 rem?
384 415 423 450 et
454 410 523 450 alii
556 409 684 450 multi.
721 434 766 438 —
828 408 958 457 Quasi
1002 421 1110 449 nunc
1154 409 1194 449 id
1237 413 1407 462 agatur,
1452 411 1544 461 quis
1584 424 1635 452 ex

139 479 255 515 tanta
286 475 547 516 multitudine
579 475 796 526 occiderit,
829 488 878 515 ac
908 487 990 514 non
1022 475 1100 515 boc
1130 480 1372 527 quaeratur,
1419 488 1535 525 eum,
1566 476 1635 529 qui

140 541 298 581 Romae
330 541 382 581 sit
413 542 599 594 occisus,
649 546 781 583 utrum
813 540 899 581 veri
931 540 1106 581 similius
1146 541 1199 581 sit
1240 541 1292 581 ab
1324 554 1372 581 eo
1405 554 1497 582 esse
1529 543 1634 583 occi-

141 618 255 656 sum,
301 606 370 658 qui
403 607 602 648 adsiduus
635 621 683 648 eo
715 611 900 660 tempore
932 607 1088 647 Romae
1108 605 1261 658 fuerit,
1294 619 1346 646 an
1379 607 1432 646 ab
1463 620 1532 656 eo,
1566 608 1635 660 qui

139 672 278 712 multis
325 673 444 713 annis
476 673 648 713 Romam
694 674 860 714 omnino
892 686 973 713 non
1013 673 1249 714 accesserit.
1310 673 1401 726 Age
1432 686 1539 714 nunc
1570 677 1682 715 (ze-93

139 743 251 779 teras
298 751 460 792 quoque
498 739 719 780 facultates
762 738 1085 780 consideremus,
1154 739 1254 779 Erat
1293 744 1377 779 tum
1416 739 1634 780 multitudo

128 805 402 856 sicariorum,
446 805 488 846 id
519 804 627 858 quod
661 805 1000 846 commemoravit
1030 805 1227 856 Erucius,
1274 810 1313 845 et
1343 805 1530 846 homines
1562 806 1635 846 im-

140 883 248 924 pune
279 871 587 912 occidebantur.
650 870 791 920 Quid?
822 884 872 912 ea
902 870 1120 912 multitudo
1150 884 1256 924 quae
1288 871 1410 912 erat?
1464 871 1634 924 Opinon

141 942 212 977 aut
243 950 403 988 eorum,
445 937 514 990 qui
544 937 583 977 in
617 937 736 978 bonis
768 941 885 978 erant
916 938 1129 990 occupati,
1169 943 1239 978 aut
1269 951 1432 989 eorum,
1482 938 1551 989 qui
1582 938 1635 978 ab

140 1003 190 1043 iis
222 1003 583 1054 conducebantur,
616 1008 660 1043 ut
690 1003 870 1056 aliquem
900 1003 1149 1044 occiderent.
1211 1003 1254 1044 Si
1287 1017 1358 1044 eos
1390 1008 1535 1057 putas,
1567 1004 1635 1057 qui

141 1069 319 1110 alienum
348 1069 621 1124 appetebant,
653 1073 695 1109 tu
726 1082 770 1110 es
801 1069 841 1108 in
873 1082 921 1109 eo
953 1082 1145 1121 numero,
1185 1070 1252 1122 qui
1287 1074 1429 1110 nostra
1459 1070 1636 1123 pecunia

140 1135 256 1176 dives
288 1148 351 1186 es3
399 1135 461 1175 sin
496 1147 587 1187 eos,
629 1148 732 1187 quos
776 1135 843 1187 qui
874 1134 1029 1175 leviore
1060 1135 1226 1176 nomine
1258 1136 1494 1189 appellant,
1542 1149 1634 1189 per-

140 1214 330 1242 cussores
361 1205 533 1251 vocant,
565 1214 738 1254 quaere,
768 1200 808 1241 in
841 1201 956 1242 cuius
987 1201 1067 1241 fide
1096 1201 1177 1241 sint
1209 1206 1247 1242 et
1279 1202 1492 1252 clientela3
1534 1202 1635 1242 mihi

139 1267 275 1319 crede,
307 1267 488 1319 aliquem
520 1266 571 1308 de
603 1267 801 1308 societate
821 1271 892 1307 tua
915 1268 1120 1321 reperies3
1153 1271 1193 1308 et
1213 1267 1408 1320 quicquid
1431 1272 1472 1308 tu
1493 1273 1636 1309 contra

139 1333 314 1385 dixeris,
361 1333 403 1373 id
443 1346 533 1374 cum
572 1333 815 1374 defensione
858 1338 1003 1374 nostra
1042 1334 1299 1385 contendit03
1349 1334 1407 1374 ita
1438 1334 1635 1375 facillime

140 1413 268 1440 causa
298 1399 394 1440 Sex.
426 1398 550 1439 Rosci
595 1412 685 1440 cum
722 1404 794 1439 tua
838 1399 1086 1440 conferetur.
1139 1400 1284 1441 Dices:
1318 1400 1442 1452 ‚Quid
1474 1405 1633 1453 postea,
1649 1408 1683 1431 9⁴

138 1465 173 1506 si
206 1466 365 1506 Romae
396 1465 596 1506 adsiduus
633 1465 736 1505 fuiP‘
794 1464 1095 1518 Respondebo:
1134 1467 1202 1517 ,At
1243 1479 1321 1519 ego
1357 1467 1522 1508 omnino
1553 1479 1633 1507 nou

138 1532 227 1573 fui‘
257 1557 310 1561 —
339 1532 492 1572 Fateor
521 1544 586 1571 me
617 1536 820 1572 sectorem
854 1544 959 1582 esse,
991 1545 1133 1572 verum
1166 1536 1206 1573 et
1238 1532 1308 1573 alii
1340 1533 1469 1574 multi.
1501 1557 1552 1563 —-
1582 1533 1636 1573 At

140 1612 232 1652 ego,
264 1602 307 1639 ut
337 1602 423 1639 tute
455 1597 611 1650 arguis,
643 1598 831 1650 agricola
863 1602 903 1638 et
931 1598 1119 1639 rusticus.
1154 1623 1202 1627 -—
1233 1598 1327 1639 Non
1360 1599 1568 1651 continuo,
1600 1599 1635 1639 si

139 1678 203 1706 me
232 1664 272 1705 in
304 1677 475 1717 gregem
515 1664 757 1705 sicariorum
791 1664 966 1714 contuli,
1011 1677 1101 1705 sum
1143 1664 1330 1706 sicarius.
1363 1689 1413 1693 —
1471 1665 1525 1705 At
1556 1678 1635 1717 ego

138 1730 340 1784 profecto,
373 1730 440 1782 qui
464 1743 515 1770 ne
541 1729 635 1770 novi
657 1729 823 1782 quidem
847 1742 1094 1783 quemquam
1116 1730 1323 1782 sicarium,
1344 1732 1468 1784 longe
1488 1731 1634 1772 absum

140 1797 192 1838 ab
238 1796 326 1837 eius
375 1795 486 1837 modi
527 1796 709 1837 crimine.
768 1796 978 1836 Permulta
1018 1800 1132 1847 suut,
1177 1809 1283 1849 quae
1329 1797 1410 1838 dici
1449 1801 1634 1851 possunt,

138 1876 265 1916 quare
315 1862 581 1914 intellegatur
620 1875 821 1902 summam
863 1862 938 1902 tibi
981 1862 1223 1903 facultatem
1269 1863 1397 1904 fuisse
1442 1862 1635 1904 maleficii

140 1928 417 1982 suscipiendi3
453 1941 559 1980 quae
591 1941 672 1968 non
703 1928 828 1968 modo
859 1927 1014 1969 idcireo
1045 1934 1277 1982 praetereo,
1311 1928 1421 1981 quod
1440 1934 1478 1969 te
1500 1929 1636 1981 ipsum

139 2009 220 2037 non
252 1995 428 2036 libenter
459 2006 624 2046 accuso,
656 2006 796 2034 verum
831 2006 879 2034 eo
910 1994 1046 2047 magis
1078 1995 1216 2046 etiam,
1248 1994 1372 2046 quod,
1406 1995 1439 2035 si
1471 1994 1521 2034 de
1553 1994 1635 2035 illis

140 2061 340 2103 caedibus
390 2059 515 2101 velim
564 2072 908 2113 commemorare,
956 2073 1062 2112 quae
1106 2065 1190 2101 tum
1235 2060 1373 2102 factae
1417 2064 1512 2101 sunt
1555 2060 1636 2100 ista

237 2209 379 2244 Testim.
405 2213 471 2244 ret.

235 2272 253 2311 ξ
280 2270 336 2306 93.
387 2268 609 2303 Victorin.
638 2278 672 2311 p.
700 2268 780 2309 226,
812 2269 852 2302 13
881 2268 943 2301 H:
977 2269 1034 2302 Ita
1064 2268 1190 2304 Cicero
1221 2268 1257 2302 in
1285 2268 1522 2304 Rosciana
1549 2278 1634 2311 ,non

139 2328 269 2372 potuit‘
296 2328 414 2372 inquit
439 2327 621 2370 ,occidere
646 2330 787 2370 patrem
814 2326 988 2367 Roscius,
1031 2327 1117 2370 quia
1144 2327 1279 2361 absens
1306 2327 1402 2362 fuit‘:
1438 2327 1494 2361 hic
1527 2337 1633 2371 argu—

139 2390 296 2421 mentum
329 2396 351 2420 a
386 2385 468 2420 loco
503 2385 603 2420 fecit.
654 2385 800 2420 Deinde
835 2385 887 2420 ait
925 2395 1008 2430 ,age
1040 2396 1136 2420 nunc
1168 2386 1360 2421 videamus
1394 2386 1554 2431 reliquas
1581 2385 1634 2420 fa-

140 2445 321 2479 cultates‘.

235 2503 355 2537 Schol.
386 2501 448 2536 Gr.

234 2561 327 2604 Kap.
354 2561 513 2595 XXXUI
540 2564 558 2602 ξ
585 2562 640 2597 93.
690 2560 786 2596 Aut
820 2571 990 2604 eorum,
1031 2563 1104 2605 qui
1144 2562 1187 2595 in
1226 2560 1378 2605 bonis]
1424 2560 1465 2595 Id
1491 2565 1546 2596 est
1573 2559 1634 2604 qui

140 2618 316 2654 volebant
341 2619 481 2654 alienas
507 2630 565 2654 res
592 2619 662 2654 sibi
688 2621 890 2655 vindicare.

235 2680 253 2718 ἓ
281 2678 337 2713 94.
386 2677 557 2712 Fateor
584 2689 648 2713 me
674 2680 923 2723 sectorem]
961 2677 1069 2713 Modo
1096 2678 1202 2722 quasi
1229 2677 1390 2712 obiectio
1416 2676 1549 2711 inimici
1577 2680 1635 2712 est

140 2738 177 2770 et
203 2735 396 2779 responsio
423 2736 628 2780 Ciceronis3
662 2741 703 2772 ut
728 2737 789 2772 ille
828 2742 943 2781 negat
968 2746 1009 2772 se
1036 2737 1203 2781 potuisse
1239 2735 1425 2778 occidere,
1464 2734 1523 2769 hic
1549 2745 1634 2769 con-

140 2790 270 2829 firmat.
