1945 3073
262 117 288 160 10

292 118 344 159 ,533

813 120 958 164 Kapitel
985 118 1108 153 XXIII
1136 122 1154 159 ξ
1182 120 1235 154 64,

826 264 1036 316 Kapitel
1068 262 1230 301 XXIII.

374 352 451 389 Zur
482 352 667 391 besseren
697 355 995 404 Vei-gleicliung
1024 355 1094 391 mit
1124 354 1192 391 (161·
1225 354 1453 402 Erzahlung
1477 353 1635 390 Ciceros
1667 353 1795 403 geben

262 418 331 454 wir
358 418 433 456 «len
454 419 613 457 Bericht
642 421 739 458 iiber
770 421 985 458 ‹lenselben
1007 421 1160 458 Vorfall
1197 421 1259 458 bei
1278 421 1408 458 Valer.
1434 420 1594 458 Maxim.
1616 421 1653 468 8,
1676 420 1710 470 1,
1730 420 1793 457 13.

261 484 363 521 Dass
395 485 575 523 (lerselbe
606 488 690 524 hier
719 489 790 524 wie
824 490 844 536 ξ
879 489 929 525 33
960 487 1042 524 sich
1082 487 1261 524 zielnlich
1302 501 1401 536 enge
1432 500 1481 523 an
1514 484 1627 523 Cic-'s
1660 486 1795 524 VVortc

260 550 361 599 halt,
403 552 488 589 fallt
529 552 650 589 sofort
689 555 726 590 in
766 554 828 591 die
860 555 1020 603 Augen:
1076 553 1187 600 ,Cum
1226 553 1427 604 parricidii
1465 566 1622 590 causam
1654 552 1794 590 fratres

261 616 385 654 Caelii
425 618 618 666 dicerent,
665 619 874 669 splendido
912 621 1156 657 Tarracinae
1200 619 1286 656 loco
1328 620 1431 669 nati,
1479 632 1644 669 quorum
1684 624 1795 669 pater

259 684 307 719 T.
340 684 497 721 Caelius
527 685 566 721 in
598 685 778 723 cubiculo
810 687 1036 737 quiescens,
1066 686 1156 723 filiis
1188 687 1227 722 in
1258 685 1381 722 altero
1413 684 1648 722 cubantibus
1680 685 1795 734 lecto,

259 757 342 787 erat
373 752 650 802 interemptus,
694 766 822 803 neque
861 760 927 790 aut
964 766 1136 790 servus
1176 753 1432 803 quisquam
1472 757 1539 788 aut
1567 750 1697 788 liber
1727 752 1794 788 in-

259 818 541 867 veniretur,
589 819 645 855 asl
692 833 831 870 quem
881 820 1106 870 suspicio
1156 819 1326 856 caedis
1371 818 1677 868 pertineret,
1720 817 1795 855 hoc

257 898 334 921 uno
364 886 522 923 nomine
560 886 732 923 absoluti
772 892 881 937 sunt,
930 887 1022 937 quia
1060 886 1320 923 iudicibus
1362 884 1569 935 planum
1608 884 1793 922 factum

259 956 330 987 est
369 951 458 988 illos
504 959 681 1003 aperto
727 954 861 992 ostio
903 953 1083 991 inventos
1124 967 1209 990 esse
1251 952 1568 989 dormientes.
1627 951 1794 989 Somnus

256 1019 441 1056 innoxiae
473 1021 692 1057 securitatis
723 1020 961 1058 certissimus
987 1020 1107 1056 index
1130 1021 1282 1057 miseris
1307 1032 1419 1069 opem
1440 1018 1549 1070 tulit3
1580 1017 1793 1056 iudicatum

256 1091 314 1123 est
343 1087 445 1123 enim
476 1099 605 1123 rerum
644 1092 823 1123 naturam
860 1100 938 1124 non
967 1088 1144 1137 recipere
1174 1093 1217 1124 nt
1254 1087 1381 1123 occiso
1421 1092 1531 1135 patre
1562 1098 1680 1135 supra
1709 1084 1794 1121 vul-

255 1166 351 1189 nera
382 1158 420 1189 et
451 1166 626 1189 cruorem
661 1154 744 1189 eius
775 1154 945 1204 quietem
979 1167 1118 1204 capere
1149 1154 1373 1204 potuerint‘.
1404 1176 1458 1180 —
1488 1150 1791 1204 Tarracinensem]

258 1220 489 1267 Tarracina,
523 1220 609 1257 eine
641 1218 755 1257 Staslt
784 1220 821 1256 in
848 1220 1014 1267 Latium,
1041 1222 1142 1270 jetzt
1173 1221 1403 1267 Terracina,
1443 1219 1512 1255 (las
1544 1218 1622 1255 alte
1656 1218 1795 1255 Anxur

257 1285 326 1323 (161·
356 1285 540 1333 Volsker,
573 1286 621 1325 cf.
653 1286 738 1323 Liv.
771 1288 809 1336 4,
843 1289 907 1334 59,
937 1289 961 1324 4
994 1287 1132 1324 Anxur
1162 1287 1255 1335 fuit,
1287 1301 1387 1338 quac
1418 1299 1521 1323 nunc
1551 1285 1794 1322 Tarracinae

254 1358 355 1399 sunt,
386 1352 479 1390 urbs
511 1366 634 1403 prona
664 1354 702 1389 in
723 1353 909 1403 paluslesg
941 1353 1138 1404 Porphyr.
1162 1353 1211 1390 asl
1231 1353 1328 1390 Hor.
1347 1359 1418 1393 sat,
1443 1352 1473 1399 I,
1494 1355 1530 1399 5,
1548 1353 1721 1391 24—28.
1741 1373 1792 1379 —-

254 1419 397 1459 cenatus
435 1418 586 1459 cubitum
623 1419 722 1468 issell
768 1420 848 1470 vgl.
890 1420 937 1457 (16
977 1422 1055 1457 inv.
1089 1421 1125 1456 H
1167 1419 1189 1471 ξ
1225 1421 1273 1457 14
1313 1419 1478 1457 cenati
1520 1418 1792 1456 discubue-

254 1491 389 1537 runt3
421 1485 549 1526 Plaut.
578 1486 692 1523 Most.
712 1487 791 1525 485
814 1493 1022 1538 postquam
1055 1487 1157 1524 redit
1188 1500 1210 1522 a
1242 1499 1362 1523 cena
1395 1485 1564 1534 (lonium,
1598 1485 1792 1522 abimus

255 1566 386 1590 omnes
426 1552 663 1590 cubitum.
703 1577 753 1580 ff
801 1553 1080 1594 adulescentibus
1116 1551 1208 1605 filiis]
1267 1552 1318 1589 So
1356 1551 1522 1589 braucht
1569 1550 1649 1588 Cic.
1692 1550 1792 1588 auch

254 1620 700 1665 adulescentulus,
754 1621 918 1670 virgo,
967 1635 1141 1668 senex,
1194 1619 1400 1667 femina,
1453 1632 1567 1666 maS,
1616 1631 1791 1654 servus

254 1686 302 1737 (s.
341 1700 375 1723 z.
415 1687 439 1734 ξ
478 1683 544 1738 8),
594 1700 761 1733 serva,
804 1689 922 1733 tiro,
968 1687 1180 1734 artifex,
1226 1686 1438 1735 advena,
1482 1684 1793 1733 alienigena,

254 1754 479 1803 optimas,
505 1753 765 1803 plebicola
788 1753 1064 1803 adjektivisch.
1098 1753 1174 1791 Die
1191 1753 1339 1802 Belege
1355 1751 1469 1789 hiezu
1491 1751 1577 1801 gibt
1589 1750 1631 1788 J.
1647 1750 1792 1787 Miiller

249 1820 288 1856 in
306 1819 374 1857 der
392 1823 429 1859 7.
450 1820 551 1858 Aufl.
568 1820 604 1859 d.
626 1820 817 1870 Nagelsb,
840 1819 925 1859 Stil.
949 1834 984 1870 p.
999 1821 1090 1867 221,
1116 1833 1173 1857 wo
1189 1819 1288 1856 auch
1307 1819 1371 1855 die
1387 1818 1585 1855 Literatur
1600 1816 1664 1854 fiir
1683 1816 1790 1854 diese

247 1886 607 1924 substantivischen
640 1886 1159 1935 Attributivverbindungen
1191 1885 1420 1935 anfgefnhrt
1450 1886 1511 1921 ist.
1566 1883 1658 1933 Vgl.
1689 1883 1788 1920 auch

250 1952 434 1989 Schmalz
465 1953 552 1991 Lat.
586 1953 654 1989 des
686 1953 818 1990 Vatin.
850 1967 886 2003 p.
921 1955 984 1992 20.
1033 1976 1080 1980 —
1128 1965 1248 1993 servus
1279 1950 1480 2006 quisquam]
1525 1952 1789 2002 quisquam

250 2019 345 2055 wirtl
378 2018 638 2068 adjektiviseh
668 2020 736 2056 mit
768 2019 1050 2057 Substantiven
1089 2019 1343 2068 verbunden,
1388 2032 1500 2055 wenn
1533 2017 1641 2054 (liese
1671 2016 1787 2053 Per-

249 2098 298 2122 so
310 2099 402 2122 nen
426 2083 515 2123 sind
538 2088 599 2136 (so
619 2085 835 2123 besonders
858 2086 882 2122 11
898 2100 998 2123 omo
1025 2086 1285 2137 quisquam
1311 2086 1349 2121 in
1375 2084 1443 2122 der
1468 2084 1573 2121 alten
1590 2082 1788 2121 Kom‘odie

249 2151 328 2188 und
351 2152 565 2201 Tragzsdio,
597 2166 627 2189 s.
649 2152 805 2201 Holtze‚
834 2159 937 2202 synt.
960 2153 975 2188 I
1009 2167 1045 2203 p.
1069 2152 1167 2195 402)
1202 2152 1296 2189 oder
1325 2150 1647 2202 personliehe
1670 2149 1787 2187 Kol-

247 2217 652 2268 lektivbegriffe
674 2219 967 2266 einschliessen,
996 2220 1066 2256 wie
1092 2218 1172 2258 Cic.
1195 2217 1307 2258 Verr.
1327 2218 1364 2254 II
1388 2216 1409 2269 ξ
1436 2219 1485 2256 17
1507 2218 1538 2254 si
1563 2218 1786 2267 cuiquam

248 2285 423 2334 generi
453 2285 728 2334 hominum,
768 2286 807 2322 si
839 2286 1071 2336 cuiquam
1112 2285 1279 2322 orslini
1310 2290 1566 2321 aratorum
1596 2282 1784 2333 probatus

247 2351 308 2400 sit,
340 2364 401 2400 ep.
432 2351 525 2391 fam.
550 2352 586 2398 3,
614 2352 676 2400 10,
705 2353 726 2388 6
759 2351 825 2387 ubi
858 2353 1086 2402 cuiquam
1120 2351 1372 2400 legationi
1403 2350 1459 2386 fui
1492 2348 1783 2399 impedimento.

248 2417 318 2454 Bei
339 2416 467 2453 Sach
481 2430 537 2454 en
563 2416 664 2454 steht
683 2418 888 2468 quisquam
908 2418 998 2454 sehr
1021 2418 1145 2455 selten
1162 2416 1439 2466 asljektivisch.
1471 2416 1558 2452 Wir
1579 2414 1706 2464 geben
1726 2414 1784 2465 (in

243 2484 488 2533 Erganzung
528 2497 604 2519 von
636 2483 769 2520 Haase
815 2497 862 2520 zu
892 2484 1029 2533 Reisig
1059 2483 1107 2522 N.
1142 2484 1218 2521 361
1259 2483 1338 2519 und
1370 2483 1482 2519 Neue
1512 2480 1710 2520 Formenl.
1743 2481 1782 2517 II

245 2566 281 2601 p.
315 2548 412 2601 245)
452 2549 639 2599 folgende
680 2549 842 2587 Stellen.
902 2550 986 2587 Ans
1016 2549 1200 2588 Plautus:
1252 2549 1356 2585 Men.
1388 2550 1468 2587 447
1514 2549 1781 2599 quicquam

246 2618 467 2663 facinus,
500 2616 615 2653 Most.
648 2616 728 2654 590
759 2616 802 2654 L.
835 2630 974 2667 quem
989 2629 1125 2667 quam
1156 2615 1375 2663 beluam,
1415 2614 1497 2653 Mil.
1530 2613 1639 2652 Glor.
1676 2615 1783 2652 1060

245 2698 266 2734 q
280 2696 423 2734 uemq
436 2696 459 2719 u
472 2695 537 2719 am
569 2682 865 2732 porcellam3
913 2695 982 2719 aus
1014 2682 1161 2720 Lucrez
1193 2681 1278 2731 gibt
1307 2682 1330 2718 3
1361 2681 1511 2718 Stellen
1542 2681 1674 2729 Neue3
1718 2679 1781 2716 die

243 2763 312 2786 aus
343 2749 424 2786 Cic.
457 2762 533 2785 von
563 2748 758 2785 Manchen
790 2748 1072 2798 beigebrachte
1104 2748 1226 2785 Stelle
1266 2762 1323 2797 ep.
1357 2749 1437 2784 Att.
1471 2750 1507 2796 5,
1542 2748 1606 2794 10,
1635 2748 1661 2783 4
1700 2759 1718 2782 r
1732 2759 1779 2782 u-

242 2828 341 2851 mor
373 2815 633 2865 quisquam
664 2815 713 2851 ist
739 2814 933 2861 unsichcr,
965 2828 995 2852 s.
1024 2814 1111 2851 dort
1128 2813 1393 2863 Wesenberg3
1428 2813 1637 2851 cardine
1665 2825 1726 2863 qu
1740 2826 1778 2848 o—

244 2893 387 2931 quam
429 2880 565 2918 Manil.
611 2881 661 2929 II,
702 2882 802 2929 841,
849 2881 1074 2932 cuiquam
1121 2880 1246 2917 (lono
1292 2880 1380 2919 Val.
1424 2880 1529 2918 Max.
1569 2880 1609 2929 4,
1647 2879 1685 2927 3,
1717 2879 1778 2924 14,
