1820 3068
530 173 601 207 Pro
627 171 709 207 Sex.
735 171 873 206 Roscio
900 182 930 206 c.
957 173 1000 207 31
1029 174 1047 212 ἓ
1074 172 1228 208 84-87,
1577 172 1629 213 57

136 283 357 340 prodierit3
387 288 471 325 tum
502 283 608 324 alias
639 296 802 335 quoque
834 295 932 324 suas
955 283 1118 337 palmas
1140 284 1377 334 cognoscet,
1409 280 1460 321 de
1482 280 1630 335 quibus

136 366 201 394 me
233 364 282 392 ne
313 350 480 391 audisse
512 349 678 402 quidem
709 350 957 402 suspicatur.
1011 349 1044 388 L
1089 348 1260 389 Cassius
1290 346 1373 399 ille,
1406 360 1526 400 quem
1558 360 1629 400 po-

136 418 256 472 pulus
275 418 484 458 Romanus
516 415 776 457 verissimum
808 420 847 456 et
869 414 1222 469 sapientissimum
1241 413 1419 454 iudicem
1443 413 1628 466 putabat,

136 483 361 525 identidem
392 483 432 523 in
465 481 602 523 causis
633 494 833 535 quaerere
858 482 1033 533 solebat,
1066 481 1158 532 ,cui
1191 480 1330 521 bono‘
1364 479 1522 520 fuisset.
1562 479 1632 520 Sic

136 551 222 591 vita
254 549 463 591 hominum
499 552 580 599 est,
624 552 668 589 ut
712 547 766 588 ad
798 547 1046 588 maleficium
1084 560 1205 587 nemo
1237 550 1406 587 conetur
1437 545 1525 586 sine
1557 558 1631 598 spe

135 620 259 669 atque
300 616 577 656 emolumento
626 613 839 655 accedere.
899 614 1019 655 Hunc
1064 613 1341 665 quaesitorem
1374 624 1423 652 ac
1452 611 1631 652 iudicem
1647 623 1680 647 85

135 683 354 736 fugiebant
398 686 521 734 atque
566 681 794 722 horrebant
832 680 880 730 ii,
925 680 1073 732 quibus
1124 678 1352 733 periculum
1398 677 1632 729 creabatur,

134 749 229 790 ideo
262 748 393 801 quod,
440 748 605 790 tametsi
634 746 820 795 veritatis
859 750 947 787 erat
979 746 1157 796 amicus,
1202 750 1340 786 tamen
1371 748 1521 785 natura
1551 756 1632 784 non

135 819 219 856 tam
250 828 485 869 propensus
517 815 572 855 ad
601 813 930 855 misericordiam
962 826 1084 866 quam
1117 812 1365 865 implacatus
1397 811 1450 851 ad
1481 810 1634 851 severi-

135 886 263 923 tatem
293 881 526 923 videbatur.
579 881 669 933 Ego
702 893 953 932 quamquam
985 883 1152 932 praeest
1182 878 1277 919 huic
1308 877 1541 930 quaestioni
1572 876 1634 917 vir

137 953 176 990 et
207 952 351 989 contra
394 946 614 988 audaciam
647 946 897 988 fortissimus
940 950 979 987 et
1009 946 1061 986 ab
1093 944 1330 986 innocentia
1362 942 1632 984 clementissi-

135 1027 247 1064 mus,
290 1017 429 1054 tamen
462 1013 584 1054 facile
629 1027 695 1054 me
726 1017 892 1067 paterer
937 1012 1002 1052 vel
1039 1011 1110 1052 illo
1140 1012 1232 1065 ipso
1264 1010 1466 1051 acerrimo
1496 1009 1633 1049 iudice

135 1084 360 1134 quaerente
391 1079 457 1121 vel
488 1079 599 1133 apud
631 1079 859 1120 Cassianos
890 1078 1061 1131 iudices,
1094 1091 1266 1130 quorum
1298 1077 1422 1118 etiam
1454 1088 1561 1116 nunc
1590 1075 1632 1126 ii,

136 1146 286 1200 quibus
318 1157 445 1186 causa
475 1145 654 1186 dicenda
686 1149 759 1198 est,
792 1158 940 1186 nomen
963 1144 1099 1198 ipsum
1124 1143 1406 1191 reformidant,
1441 1156 1516 1196 pro
1535 1143 1631 1182 Sex.

136 1212 288 1254 Roscio
319 1211 471 1253 dicere.
532 1211 692 1252 XXXI.
723 1212 770 1252 In
801 1211 880 1252 hac
911 1211 1019 1252 enim
1050 1223 1177 1252 causa
1209 1223 1300 1251 cum
1321 1209 1510 1249 viderent
1539 1208 1633 1248 illos
1648 1214 1682 1238 86

135 1279 437 1333 amplissimam
467 1278 685 1333 pecuniam
706 1277 936 1332 possidere,
966 1277 1076 1318 hunc
1105 1277 1146 1317 in
1177 1289 1337 1317 summa
1367 1274 1634 1316 mendicitate

137 1359 252 1397 esse,
296 1345 399 1386 illud
430 1345 596 1397 quidem
627 1358 708 1386 non
741 1348 1008 1396 quaererent,
1042 1343 1104 1384 cui
1137 1343 1245 1383 bono
1277 1342 1446 1394 fuisset,
1478 1341 1552 1382 sed
1585 1353 1634 1381 eo

136 1411 358 1466 perspicuo
401 1411 555 1452 crimen
601 1415 641 1452 et
684 1411 965 1465 suspicionem
1004 1410 1139 1463 potius
1171 1408 1226 1450 ad
1257 1409 1457 1462 praedam
1489 1407 1632 1448 adiun-

137 1483 284 1531 gerent
314 1491 437 1530 quam
469 1478 522 1518 ad
553 1482 796 1530 egestatem.
842 1477 965 1526 Quid,
997 1477 1029 1517 si
1062 1476 1223 1518 accedit
1246 1475 1404 1523 eodem„
1437 1478 1479 1515 ut
1499 1473 1634 1514 tenuis

136 1548 261 1585 antea
292 1544 451 1585 fueris?
483 1544 594 1597 quid,
628 1544 662 1585 si
693 1548 736 1585 ut
756 1544 943 1585 avarus?
974 1543 1085 1596 quid,
1117 1543 1150 1583 si
1182 1547 1225 1584 ut
1256 1541 1426 1583 audax?
1457 1541 1568 1594 quid,
1599 1540 1634 1580 si

135 1615 179 1652 ut
207 1611 333 1663 illius,
364 1611 432 1663 qui
454 1610 615 1652 occisus
638 1614 711 1661 est,
740 1611 1083 1651 inimicissimus?
1114 1623 1208 1650 num
1234 1607 1474 1662 quaerenda
1494 1620 1634 1659 eausa,

137 1690 244 1730 quae
274 1681 314 1718 te
346 1677 399 1717 ad
429 1681 587 1718 tantum
621 1678 782 1718 facinus
816 1676 1068 1717 adduxerit?
1117 1675 1225 1725 Quid
1257 1688 1357 1728 ergo
1389 1675 1534 1715 borum
1566 1686 1634 1713 ne-

135 1743 227 1797 gari
258 1743 424 1798 potest?
482 1743 683 1784 Tenuitas
714 1743 893 1784 hominis
925 1743 1012 1783 eius
1043 1742 1155 1783 modi
1188 1746 1270 1790 est,
1310 1746 1350 1782 ut
1382 1739 1634 1780 dissimulari

134 1823 216 1851 non
257 1813 382 1862 queat
426 1813 549 1863 atque
587 1823 636 1851 eo
682 1809 819 1862 magis
862 1809 1045 1861 eluceat,
1092 1821 1172 1861 quo
1212 1807 1348 1860 magis
1391 1807 1632 1848 occultatur.

135 1876 365 1917 Avaritiam
395 1875 595 1929 praefers,
630 1877 697 1928 qui
727 1876 968 1917 societatem
995 1875 1143 1916 coieris
1165 1874 1215 1914 de
1236 1873 1455 1927 municipis
1480 1886 1632 1926 cogna-
1649 1878 1682 1903 8⁷

133 1941 245 1994 tique
291 1941 466 1982 fortunis
513 1955 604 1982 cum
645 1941 914 1983 alienissimo.
975 1941 1108 1990 Quam
1156 1940 1212 1981 sis
1259 1939 1419 1991 audax,
1465 1944 1509 1980 ut
1550 1939 1634 1980 alia

234 2066 375 2100 Testem.
404 2068 470 2100 vet.

230 2128 248 2165 ξ
275 2125 330 2160 86.
381 2123 590 2159 Martian.
617 2123 791 2167 Capell.
819 2135 853 2167 p.
881 2124 961 2163 467,
988 2125 1032 2159 25
1058 2122 1101 2156 Η.
1132 2122 1351 2165 (p.161‚4
1378 2121 1438 2165 Ε.)
1477 2120 1577 2165 ,quid
1603 2121 1632 2155 si

134 2183 283 2218 accedit
308 2189 347 2217 ut
373 2183 494 2217 tenuis
522 2186 633 2217 antea
658 2181 796 2216 fueris?
823 2181 911 2226 quid
940 2182 970 2216 si
996 2186 1035 2215 ut
1065 2184 1222 2215 avarus?
1249 2180 1336 2224 quid
1363 2180 1393 2214 si
1420 2185 1458 2214 ut
1485 2179 1633 2214 audax?

135 2241 222 2285 quid
248 2242 279 2276 si
306 2248 343 2275 ut
371 2241 461 2283 eius,
493 2241 554 2284 qui
581 2241 725 2276 occisus
753 2245 821 2284 est,
853 2240 1057 2275 inimicus?L

229 2299 347 2334 Schol.
380 2299 490 2334 Gron.

228 2357 365 2393 Alias
392 2367 576 2401 quoque
611 2366 719 2392 suas
755 2357 949 2401 palmas]
991 2356 1289 2391 Translationem
1317 2354 1405 2390 fecit
1425 2356 1457 2399 ¹)
1486 2364 1636 2399 pugnae

133 2416 398 2461 gladiatoriae3
434 2425 518 2449 nam
551 2419 587 2450 et
617 2415 784 2459 superius
822 2414 893 2450 hoc
919 2414 1020 2450 dixit.
1075 2415 1222 2449 Palmas
1261 2415 1355 2449 enim
1383 2413 1534 2448 dicimus
1559 2413 1634 2448 vic-

135 2475 252 2510 torias
278 2475 538 2520 gladiatorum.
581 2473 719 2509 Sensus
746 2478 867 2509 autem
894 2474 980 2509 talis
1008 2478 1083 2508 est:
1112 2474 1243 2517 Capito
1270 2474 1300 2508 si
1320 2473 1479 2508 voluerit
1506 2477 1635 2507 contra

135 2544 202 2569 nos
228 2533 478 2569 testimonium
505 2533 639 2575 dicere,
667 2533 911 2568 demonstrem
938 2532 1082 2577 flagitia
1106 2532 1234 2577 ipsius,
1263 2541 1357 2576 quae
1378 2541 1433 2565 me
1450 2531 1544 2566 scire
1561 2542 1634 2565 non

163 2595 253 2627 utat.

135 2603 158 2637 p
226 2650 322 2693 Kap.
360 2649 480 2683 XXXI
521 2653 538 2690 ξ
573 2650 628 2685 86.
696 2649 811 2692 Quid
862 2660 971 2694 ergo
1029 2648 1187 2684 horum
1246 2649 1411 2693 negari
1464 2649 1630 2691 (non1)

134 2708 337 2752 potest?]
366 2707 475 2742 Modo
502 2707 637 2750 probat
663 2709 784 2742 omnia
811 2718 905 2752 quae
933 2708 1034 2742 dixit.

231 2825 267 2866 1>
294 2824 398 2856 fecit
424 2824 464 2856 G.
492 2824 548 2855 Or.
574 2825 635 2863 B.;
676 2825 782 2856 facit
808 2826 864 2858 Gr.
892 2825 967 2857 Sch.
1020 2843 1063 2847 —
1141 2824 1174 2865 1)
1205 2824 1296 2854 Non
1332 2824 1418 2855 habe
1443 2823 1497 2854 ich
1523 2823 1632 2862 einge-

132 2873 311 2903 klammert
335 2873 422 2903 nach
451 2872 527 2903 dem
553 2873 717 2911 Vorgang
741 2883 807 2904 von
833 2873 889 2905 Or.
