1820 3068
94 442 144 465 135

96 1101 146 1125 136

94 1775 145 1799 137

164 120 217 162 78
538 119 608 154 Pro
635 118 720 155 Sex.
747 120 883 157 Roscio
909 119 940 155 δ.
968 123 1011 157 47
1039 125 1057 163 ξ
1093 122 1287 158 134-137.

163 231 335 283 dianes,
383 244 486 284 qna-s
531 232 754 274 effusiones
796 232 882 272 fieri
926 232 1104 286 putatis,
1150 246 1257 285 quae
1297 246 1394 274 vero
1436 233 1660 275 convivia?

163 298 352 349 honesta,
387 297 532 348 eredo,
575 299 614 338 in
647 299 734 339 eius
766 299 877 340 modi
909 299 1053 350 domo,
1086 298 1119 339 si
1151 299 1297 339 domus
1329 299 1433 341 haec
1464 300 1661 341 habenda

163 369 225 405 est
255 364 392 418 potius
423 377 545 417 quam
579 364 745 405 officina
777 365 986 417 nequitiae
1022 370 1061 405 et
1093 365 1375 407 deversorium
1407 365 1659 419 flagitiorum

159 431 353 471 omnium.
393 430 489 483 Ipse
521 444 618 471 vero
650 444 771 482 quem
803 431 855 471 ad
877 430 1044 472 modum
1064 432 1294 485 composito
1319 437 1357 473 et
1377 432 1561 473 delibuto
1593 446 1659 474 ea-

159 497 260 551 pillo
293 497 448 550 passim
481 509 554 549 per
587 498 720 537 forum
753 498 897 538 volitet
927 511 1019 538 eum
1041 511 1195 551 magna
1221 503 1390 540 caterva
1410 503 1660 552 togatorum,

160 563 323 615 videtis,
355 562 528 614 iudices,
564 563 623 616 [et
653 563 734 603 iam
768 563 940 616 videtis,
973 564 1159 619 iiidiees,l
1192 571 1235 606 ut
1266 578 1409 606 omnes
1440 565 1659 619 despiciat,

160 634 203 671 ut
233 630 441 670 hominem
488 643 589 682 prae
632 644 675 670 se
716 630 920 671 neminem
953 636 1086 684 putet,
1133 636 1175 671 ut
1222 645 1266 672 se
1312 632 1447 672 solum
1477 632 1659 683 beatum,

161 697 293 737 solum
324 700 535 749 potentem
581 700 708 749 putet.
768 696 886 745 Quae
919 710 1017 738 vero
1063 696 1219 738 efficiat
1264 702 1304 738 et
1335 711 1442 750 quae
1475 703 1659 750 conetur,

161 762 194 803 si
226 762 350 803 velim
393 775 742 814 commemorare,
774 776 938 813 vereor,
971 763 1155 815 iudices,
1200 777 1251 805 ne
1300 764 1390 816 quis
1431 765 1661 818 imperitior

161 828 368 869 existimet
397 841 462 869 me
494 841 663 869 eausam
681 830 911 870 nobilitatis
931 829 1232 882 victoriamque
1258 830 1441 872 voluisse
1472 831 1660 883 laedere3

159 895 324 935 tametsi
355 907 447 935 meo
478 894 565 936 iure
598 907 780 949 possum,
813 896 846 937 si
880 896 978 948 quid
1010 897 1049 936 in
1084 897 1164 938 hae
1195 901 1313 950 parte
1345 896 1444 937 mihi
1466 910 1546 938 non
1571 897 1659 951 pla-

161 966 265 1012 ceat,
297 961 553 1014 vituperare3
598 975 680 1003 non
713 961 822 1002 enim
853 975 1021 1013 vereor,
1054 976 1105 1004 ne
1136 963 1227 1016 quis
1259 963 1442 1004 alienum
1474 977 1538 1005 me
1570 963 1658 1004 ani-

159 1041 268 1068 mum
300 1027 497 1069 habuisse
529 1041 554 1068 a
579 1041 707 1069 eausa
736 1028 966 1069 nobilitatis
1000 1030 1220 1070 existimet.

267 1094 436 1135 XLVII.
496 1094 641 1136 Sciunt.
670 1095 710 1146 ii,
742 1095 810 1148 qui
842 1109 907 1136 me
938 1101 1100 1144 norunt,
1131 1109 1195 1136 me
1227 1109 1301 1149 pro
1332 1109 1426 1137 mea
1456 1096 1567 1137 tenui
1600 1096 1658 1137 in-

158 1161 359 1213 firmaque
390 1165 522 1214 parte,
554 1166 828 1214 posteaquam
859 1161 914 1214 id,
946 1163 1056 1214 quod
1087 1163 1268 1203 maxime
1300 1163 1426 1210 volui,
1457 1162 1545 1203 fieri
1576 1175 1660 1204 non

159 1228 310 1282 potuit,
358 1232 401 1269 ut
431 1233 769 1281 componeretur,
803 1228 844 1269 id
875 1229 1055 1270 maxime
1088 1229 1351 1281 defendisse,
1392 1233 1435 1270 ut
1465 1229 1493 1269 ii
1524 1229 1661 1270 vinee-

160 1299 265 1347 rent,
295 1294 362 1348 qui
395 1295 595 1336 vicerunt.
657 1294 758 1343 Quis
790 1295 899 1336 enim
932 1301 1044 1349 erat,
1092 1296 1160 1349 qui
1191 1310 1273 1337 non
1303 1295 1466 1337 videret
1497 1295 1660 1336 humili-

159 1366 285 1403 tatem
319 1375 409 1402 eum
442 1360 645 1414 dignitate
677 1361 727 1401 de
758 1362 1031 1415 amplitudine
1064 1362 1346 1405 contendere?
1387 1375 1467 1415 quo
1498 1362 1539 1402 in
1572 1375 1659 1403 oer-

159 1429 313 1470 tamine
360 1428 511 1482 perditi
543 1428 645 1469 civis
677 1433 765 1469 erat
794 1443 875 1470 non
908 1443 952 1471 se
984 1429 1037 1470 ad
1076 1442 1147 1471 eos
1179 1430 1375 1483 iungere,
1421 1429 1570 1482 quibus
1601 1429 1660 1469 in-

160 1496 389 1537 columibus
413 1499 453 1536 et
471 1494 582 1535 domi
603 1495 786 1548 dignitas
810 1500 849 1536 et
873 1496 976 1538 foris
996 1497 1223 1538 auotoritas
1243 1497 1502 1538 retineretur.
1543 1495 1661 1545 Quae

159 1562 346 1615 perfecta
378 1574 470 1602 esse
510 1566 549 1602 et
579 1574 696 1602 suum
729 1562 876 1615 cuique
925 1563 1124 1605 honorem
1165 1568 1205 1605 et
1243 1563 1419 1616 gradum
1452 1562 1659 1604 redditum

160 1628 346 1682 gaudeo,
379 1627 560 1680 iudices,
607 1629 956 1682 vehementerque
988 1630 1124 1671 laetor
1155 1643 1287 1683 eaque
1319 1630 1459 1671 omnia.
1488 1629 1660 1671 deorum

159 1695 393 1747 voluntate,
435 1695 572 1736 studio
603 1695 747 1749 populi
778 1695 977 1747 Romani,
1011 1697 1185 1738 consilio
1219 1701 1258 1738 et
1287 1697 1462 1750 imperio
1496 1700 1536 1738 et
1567 1695 1660 1737 feli-

160 1762 284 1803 citate
318 1761 361 1801 L.
393 1761 535 1802 Sullae
572 1769 694 1815 gesta
734 1775 825 1803 esse
870 1763 1083 1816 intellego.
1155 1763 1276 1812 Quod
1319 1763 1659 1804 animadversum

161 1833 223 1870 est
253 1828 293 1868 in
327 1840 420 1880 eOS,
470 1828 537 1880 qui
571 1832 716 1869 eontra
747 1828 858 1870 omni
896 1829 1057 1870 ratione
1095 1835 1359 1883 pugnarunt,
1410 1842 1490 1870 non
1524 1828 1660 1869 debeo

160 1893 487 1948 reprehendere,
534 1894 643 1947 quod
684 1896 783 1937 viris
816 1896 1012 1948 fortibus,
1053 1909 1226 1949 quorum
1267 1908 1397 1950 opera
1434 1895 1589 1935 eximia
1618 1894 1659 1935 in

160 1963 282 2002 rebus
322 1961 518 2014 gerendis
551 1962 727 2013 exstitit,
776 1962 908 2003 honos
940 1963 1108 2004 habitus
1140 1967 1221 2014 est,
1267 1962 1408 2004 laudo.
1469 1961 1587 2010 Quae
1618 1965 1662 2002 ut

160 2028 326 2077 fierent,
371 2027 528 2069 ideireo
566 2033 794 2081 pugnatum
841 2042 933 2070 esse
974 2029 1152 2070 arbitror
1191 2043 1339 2082 meque
1370 2029 1410 2069 in
1443 2041 1491 2069 eo
1522 2027 1660 2070 studio

160 2095 339 2148 partium
371 2095 500 2136 fuisse
532 2094 745 2137 confiteor.
804 2095 878 2137 Sin
909 2100 1046 2137 autem
1094 2096 1134 2136 id
1166 2101 1303 2137 aetum
1344 2099 1407 2137 est
1436 2099 1476 2137 et
1505 2094 1661 2136 ideirco

257 2247 401 2281 Testz'm.
428 2250 496 2281 vet.

255 2304 374 2339 Sclzol.
406 2305 468 2339 Gr.

256 2366 274 2404 ἓ
305 2364 379 2399 135.
431 2364 464 2397 A
494 2372 637 2398 eausa
663 2362 920 2407 existimet]
953 2362 993 2397 Id
1021 2367 1078 2398 est
1104 2366 1256 2406 aparte
1283 2361 1445 2396 Sullana.

255 2422 348 2466 Kap.
377 2422 511 2457 XLVII
540 2424 558 2463 ἓ
590 2422 665 2456 136.
705 2421 768 2456 Me
795 2431 875 2464 pro
901 2422 985 2455 illa
1011 2422 1141 2456 tenui
1169 2420 1469 2465 infirmaque]
1498 2420 1568 2454 Pro
1586 2420 1658 2455 Ma-

160 2481 283 2524 riana,
310 2492 376 2524 pro
404 2480 586 2525 equitibus
613 2481 802 2515 Romanis.

260 2551 389 2584 quum
417 2540 605 2574 maxime
630 2537 882 2583 voluerim]
911 2537 953 2572 Id
981 2543 1053 2579 est,
1081 2537 1178 2573 bella
1205 2538 1338 2572 civilia.

257 2600 381 2640 §132
434 2598 834 2633 Animadversum
862 2602 930 2632 est
956 2597 1000 2631 in
1026 2598 1118 2641 eos]
1148 2597 1189 2631 Id
1216 2602 1291 2640 est,
1318 2597 1354 2630 in
1380 2595 1576 2630 Marianos.

255 2658 299 2693 Si
326 2658 369 2692 id
399 2662 551 2692 aetum
578 2662 649 2692 est
674 2656 876 2702 idcirco]
909 2656 1047 2691 Sensus
1082 2656 1183 2690 talis:
1222 2666 1313 2698 non,
1349 2654 1486 2699 inquit,
1520 2654 1659 2688 ideirco

161 2722 331 2761 putamus
359 2718 529 2752 Sullanas
555 2721 679 2760 partes
707 2720 835 2751 eontra
861 2716 1044 2750 Marianos
1071 2724 1171 2748 arma
1196 2714 1344 2754 tulisse,
1381 2717 1420 2747 ut
1452 2713 1660 2748 restituere-

160 2782 218 2810 tur
244 2776 412 2811 omnibus
439 2776 614 2810 libertas?
655 2774 718 2809 Sin
750 2780 871 2810 autem
897 2774 934 2808 id
961 2778 1081 2808 actum
1117 2778 1173 2808 est
1208 2772 1278 2807 hoe
1312 2772 1427 2813 bello,
1461 2776 1500 2806 ut
1537 2772 1659 2806 liberti

160 2835 324 2870 homines
352 2836 473 2870 aliena
499 2838 682 2880 occupent
709 2834 816 2877 bona,
844 2844 916 2868 non
944 2836 1000 2868 est
1025 2831 1095 2867 hoo
1123 2831 1217 2867 bello
1237 2831 1326 2866 data
1346 2830 1506 2874 libertas,
1534 2840 1659 2865 verum
