1820 3068
157 97 229 138 [02
599 95 804 131 Kritischer
831 95 989 140 Anhang
1016 99 1034 137 ἓ
1058 95 1209 131 73—77.

148 207 418 259 Fleckeisen,
463 221 571 249 meo
609 207 723 249 loeo
754 206 945 260 Madvig,
987 206 1134 257 Halm,
1182 205 1368 260 Kayser,
1413 204 1644 258 Eberhard,

148 274 307 315 Miiller.

257 343 282 392 ξ
312 340 378 382 74.
418 338 530 393 ipse
561 339 830 392 percussit
857 338 1193 393 codd.‚ipsene
1213 335 1570 392 perc.Fleckeis.
1592 360 1641 365 —-

149 419 335 459 queros
367 418 494 459 quos
530 405 687 455 eod.G,
721 418 808 446 was
845 405 959 446 nicht
993 405 1187 446 verderbt
1226 405 1280 446 ist
1315 417 1390 445 aus
1432 416 1644 456 quaero,

147 487 241 527 per
273 485 399 525 quos
426 472 503 512 wie
528 472 576 512 G.
593 471 758 525 Kruger
788 471 915 513 meint
946 471 1121 512 Jahrbb.
1158 471 1260 514 1868
1291 484 1328 524 p.
1360 471 1441 513 208
1473 469 1643 526 [ebenso

148 540 278 581 sehon
318 539 443 579 Halm
482 538 522 578 in
554 537 626 579 der
664 538 862 580 Ziiricher
905 539 1105 591 Ausgabe
1137 537 1293 591 1854],
1341 536 1521 578 sondern
1567 549 1643 577 aus

148 618 350 658 quaero
406 603 535 645 s'uos
582 604 607 645 i.
654 618 688 645 e.
729 618 912 646 servos
954 605 1158 658 (Vahlen,
1202 604 1349 645 Rhein.
1390 602 1494 644 Mus.
1525 601 1643 655 XIII,

146 672 267 724 297).
305 696 358 701 —
388 671 430 711 si
461 683 549 724 per
578 671 780 712 liberos
810 685 891 713 von
922 671 1044 712 Halm
1075 671 1126 722 II,
1158 670 1290 724 Kays.
1322 669 1403 710 und
1434 668 1642 711 Fleckeis,

146 742 336 791 erganzt,
377 738 568 778 letzterer
598 737 738 778 macht
770 751 842 779 vor
871 738 1017 780 diesen
1047 737 1219 779 Worten
1250 737 1327 777 das
1357 735 1539 778 Zeichen
1571 735 1644 776 der

146 804 307 858 Luc-ke,
339 805 379 845 si
411 803 618 845 liberos
650 803 835 857 Madvig,
865 804 990 845 Halm
1013 805 1044 856 I,
1079 804 1248 856 Eberh.,
1279 803 1439 844 Miiller.
1498 801 1642 843 Luter-

144 871 301 912 bacher
331 871 356 911 1.
387 871 414 912 l.
445 883 484 924 p.
515 871 566 913 75
607 870 795 912 bemerkt
841 884 888 912 zu
930 871 968 911 d.
999 870 1149 912 Stelle:
1200 870 1347 922 ‚Wenn
1379 869 1434 910 im
1465 868 1644 910 Vorher-

145 937 364 990 gehenden
394 950 484 990 per
512 937 651 978 alios
697 937 850 990 richtig
887 937 958 990 ist,
1006 950 1053 979 so
1100 941 1293 978 erwartet
1329 950 1426 977 man
1466 935 1573 977 auch
1602 935 1643 977 si

145 1018 236 1057 per
262 1004 477 1056 liberos,
509 1003 675 1045 freilieh
700 1003 800 1044 aber
819 1003 924 1045 auch
956 1016 1048 1057 per
1080 1017 1224 1045 servos
1255 1017 1308 1044 an
1339 1017 1428 1058 per
1458 1003 1644 1044 liberos?

144 1071 200 1111 Es
232 1070 393 1111 scheint
423 1084 490 1111 am
522 1070 805 1122 einfachsten,
835 1070 912 1111 das
943 1075 1051 1111 erste
1082 1084 1176 1125 per
1215 1084 1265 1112 zu
1302 1070 1530 1121 streiehen3
1576 1069 1644 1111 die

144 1136 287 1177 Worte
318 1136 358 1176 si
392 1137 525 1178 alios
559 1137 757 1178 fecisse
801 1137 940 1178 dieis
984 1136 1152 1178 konnen
1195 1137 1310 1178 nieht
1355 1137 1644 1178 missverstan-

144 1203 223 1244 den
262 1203 442 1244 werden.
500 1203 619 1244 Nach
661 1216 721 1243 an
751 1203 987 1245 liberos?
1030 1203 1103 1244 hat
1134 1203 1282 1245 Muller
1311 1203 1385 1244 mit
1415 1202 1547 1245 Recht
1577 1202 1643 1244 die

144 1282 224 1310 von
255 1269 424 1310 Richter
468 1269 552 1310 und
598 1269 846 1310 Fleckeisen
889 1283 1219 1323 angenommene
1263 1275 1457 1323 grossere
1500 1268 1643 1310 Liicke

143 1336 389 1386 verworfen,
422 1335 476 1376 da
507 1335 574 1377 die
604 1336 960 1389 Unmo'glichkeit,
993 1336 1092 1378 dass
1123 1337 1196 1378 der
1221 1337 1340 1378 Mord
1370 1335 1500 1377 durch
1521 1335 1643 1377 Skla-

143 1414 222 1443 ven
268 1402 322 1442 im
354 1402 535 1455 Austrag
578 1402 652 1444 des
684 1403 848 1444 Sohnes
878 1404 1054 1445 Roscius
1100 1403 1247 1445 verubt
1291 1403 1434 1444 wurde
1465 1402 1506 1443 in
1539 1407 1559 1453 ἓ
1591 1403 1645 1446 77

143 1472 317 1509 er'ortert
346 1468 477 1508 wird‘.
507 1493 558 1498 --
591 1469 676 1522 qui
706 1474 825 1510 sunt
856 1469 906 1510 hi
929 1469 1228 1524 Vulg.,Kays.‚
1251 1469 1289 1510 ii
1309 1470 1446 1520 Halm,
1478 1469 1644 1519 Eberh.,

144 1533 362 1586 Fleckeis„
382 1534 529 1585 Siesb.,
561 1535 722 1577 M'uller.
753 1560 806 1565 —
836 1541 1059 1578 noverat
1090 1539 1173 1579 Sex.
1192 1536 1415 1578 Roscius
1437 1536 1571 1578 Siesb.
1594 1560 1642 1566 —

143 1600 227 1653 qui
285 1601 600 1642 conlocutus
649 1606 728 1643 est
769 1602 816 1644 G.
865 1602 1030 1656 Kriiger
1081 1604 1128 1658 (l.
1167 1604 1192 1644 l.
1234 1616 1272 1657 p.
1310 1603 1432 1655 209),
1479 1602 1644 1654 Eberh.,

142 1667 265 1707 Halm
300 1667 355 1719 II,
386 1667 617 1719 Fleckeis.,
654 1668 804 1721 Siesb.,
835 1668 1005 1721 Miiller3
1038 1670 1241 1722 quicum
1272 1670 1318 1711 lo
1333 1673 1476 1711 cutus
1509 1668 1643 1722 codd„

142 1733 266 1774 Halm
297 1734 338 1784 I,
371 1734 500 1787 Kays
534 1759 582 1763 —
614 1735 856 1788 ,Pretium
888 1735 1051 1777 dedit‘
1081 1737 1206 1778 Halm
1236 1737 1267 1787 I,
1299 1737 1445 1790 Kays,
1478 1735 1644 1788 Eberh.,

143 1799 293 1851 Siesb„
323 1799 492 1851 Miiller3
524 1801 753 1855 pretium
784 1802 965 1844 dedit?
995 1803 1119 1844 Halm
1151 1803 1202 1855 II,
1234 1802 1441 1845 Fleckeis.

252 1869 276 1918 ξ
306 1866 371 1908 75.
429 1866 641 1908 luxurie
673 1868 762 1909 cod.
805 1869 853 1922 G,
885 1870 1109 1922 Fleckeis,
1155 1869 1322 1921 M‘uller3
1370 1869 1436 1910 die
1467 1869 1641 1922 librigen

141 1933 403 1985 Herausgeb.
435 1933 665 1975 luxuria.

251 2001 276 2051 ξ
306 2000 371 2042 76.
429 2000 637 2042 occulte
679 2001 811 2055 Kays.
866 2026 913 2030 —
965 2015 1056 2055 per
1101 2014 1245 2054 quem
1292 2006 1381 2043 aut
1428 2001 1642 2055 quando

143 2065 307 2117 Eberh.,
343 2065 564 2118 Fleckeis„
597 2080 745 2120 quem
779 2072 864 2109 aut
896 2067 1099 2121 quando
1129 2068 1245 2110 lesen
1277 2068 1342 2110 die
1375 2069 1520 2110 besten
1544 2068 1640 2110 Hss.

142 2132 208 2173 bei
239 2132 442 2185 Priscian,
474 2146 506 2174 s.
538 2133 576 2174 d.
608 2134 759 2174 testim.

251 2200 275 2249 ἓ
308 2199 372 2242 77.
434 2199 573 2240 codd:
622 2213 644 2241 o
677 2200 723 2240 di
768 2200 1119 2242 immortales!
1164 2201 1298 2254 quod
1331 2200 1381 2241 in
1411 2200 1511 2242 tali
1543 2200 1636 2242 cri·

143 2263 280 2305 mine
312 2265 444 2316 quod
476 2265 754 2307 innocenti
784 2266 948 2307 saluti
982 2267 1117 2308 solet
1147 2280 1265 2308 esse
1296 2271 1346 2308 ut
1376 2280 1563 2309 servos
1593 2267 1641 2308 in

142 2330 511 2382 quaestionem
546 2333 921 2384 polliceantur.
982 2333 1200 2375 Eberhard
1232 2334 1325 2375 lect.
1355 2334 1463 2376 Tull.
1495 2348 1533 2388 p.
1568 2335 1641 2376 11:

141 2400 249 2449 ,post
281 2397 628 2439 exclamationem
661 2399 806 2441 Cicero
838 2413 921 2440 non
953 2401 1059 2440 solet
1086 2399 1286 2441 adhibere
1310 2401 1640 2442 coniunctionem

141 2462 352 2503 causalem
385 2464 517 2514 quod
548 2464 636 2506 sive
667 2466 813 2517 quia,
853 2466 926 2507 sed
957 2479 1108 2507 novum
1148 2466 1332 2520 incipere
1364 2468 1639 2519 enuntiatum3

139 2527 282 2569 vitium
326 2533 463 2570 autem
501 2530 639 2571 inesse
678 2532 719 2572 in
752 2531 815 2572 his
844 2532 970 2584 ,quod
1015 2533 1240 2574 innocenti‘
1272 2534 1400 2574 verba
1447 2533 1641 2588 opposita

141 2594 197 2648 ,id
228 2595 324 2636 Sex.
356 2596 508 2638 Roscio
539 2596 679 2638 facere
723 2611 805 2639 non
835 2598 946 2639 licet‘
976 2599 1171 2640 efficiunt.
1204 2599 1339 2652 Atque
1370 2600 1515 2641 horum
1548 2601 1639 2641 loco

140 2666 250 2703 certe
281 2661 434 2714 requiri
466 2662 782 2714 ,innocentibus‘
814 2665 1026 2719 perspexit
1057 2665 1149 2707 Car.
1169 2665 1316 2718 Halm,
1346 2666 1420 2707 sed
1452 2666 1638 2708 enuntia-

139 2731 224 2767 tum
256 2729 424 2768 causale
456 2742 534 2770 non
567 2729 809 2772 immutavit.
842 2730 988 2784 Itaque
1008 2731 1145 2785 potius
1167 2745 1203 2773 v.
1227 2732 1367 2785 ,quod‘
1396 2733 1496 2773 vitio
1518 2733 1637 2774 labo-

139 2805 232 2834 rare
268 2794 492 2837 arbitratus
537 2797 702 2850 reposui
745 2797 894 2850 omni,
938 2797 1048 2850 quod
1080 2805 1172 2852 post
1208 2812 1245 2839 v.
1277 2799 1476 2851 ‚crimine‘
1515 2799 1638 2842 facile
