1945 3073
750 103 900 148 Kapitel
925 102 1048 138 XX1V
1079 107 1097 144 ἐξ
1127 105 1182 139 67.
1653 105 1734 148 ⁸2:35)

191 209 477 260 jugendlichen
508 209 747 260 Stilperiode
785 210 848 247 die
878 210 1139 261 Restatigung
1177 212 1292 260 jener
1325 211 1461 249 Worte
1500 226 1547 249 zu
1586 212 1732 262 finden,

196 276 260 314 die
290 291 331 314 er
362 277 400 314 in
432 277 560 314 seiner
590 276 737 314 Schrift
768 277 816 314 (le
848 275 958 314 Orat.
991 277 1006 313 I
1040 277 1064 327 ξ
1096 278 1172 315 154
1202 278 1239 316 ff.
1273 277 1359 314 (lem
1395 277 1560 316 Crassus
1587 280 1626 316 in
1658 279 1733 317 den

195 343 320 380 Mund
352 343 445 393 legt,
477 342 567 379 dass
598 356 638 380 es
670 344 732 379 fiir
763 343 830 379 ihn
861 344 948 380 eine
969 342 1275 393 Jugend'iibung
1298 357 1479 393 gewesen
1509 346 1577 393 sei,
1609 347 1733 382 einer-

195 410 286 447 seits
304 410 428 447 Verse
452 422 520 446 aus
536 409 687 445 Ennius
708 423 755 445 zu
775 409 1102 459 paraphrasieren
1119 409 1198 446 und
1218 409 1456 446 ansb-erseits
1477 410 1539 447 die
1556 412 1733 449 Meister-

196 475 326 513 werke
357 475 425 513 cler
456 474 603 525 griech.
636 474 935 512 Beredsamkeit
966 489 1013 512 zu
1043 476 1242 513 studiereu
1273 476 1352 512 und
1398 477 1457 513 ins
1483 477 1733 515 Lateinisclie

196 555 243 579 zu
280 542 534 590 ubersetzen,
581 555 644 578 um
690 542 772 578 sich
815 541 854 578 in
901 543 1026 579 einem
1067 542 1155 579 dem
1195 542 1478 580 Griechischen
1524 544 1735 593 m'dglichst

195 608 443 657 homogenen
474 608 609 645 latein.
641 607 854 645 Ausdruck
883 621 930 644 zu
962 608 1067 645 'uben
1100 608 1199 661 (vgl.
1230 609 1359 646 meine
1390 608 1537 647 Schrift
1569 609 1617 646 <le
1649 609 1731 649 Cic.

195 675 337 712 elocut.
370 689 406 725 p.
441 675 503 711 15.
538 674 622 723 16).
683 674 767 711 Wir
813 675 941 725 geben
984 688 1063 711 nun
1104 688 1172 711 zur
1213 674 1396 712 besseren
1436 675 1734 726 Vergleichung

196 741 266 778 (las
308 740 455 790 griech.
498 740 681 790 Original
723 740 801 777 und
848 741 910 777 (lie
950 742 989 777 in
1035 742 1108 778 den
1153 745 1337 790 spateren
1376 740 1574 778 Schriften
1619 740 1733 781 Cic.'s

196 807 571 844 wiederkelirenden
604 806 914 857 Ausfiihrungen
948 807 1075 844 dieses
1107 806 1361 846 Gedankens.

304 873 490 910 Aeschin.
530 874 568 909 in
599 873 801 910 Timarch.
845 876 923 912 180
961 873 1051 912 Sch.
1096 873 1150 926 μὴ
1197 875 1279 926 γὰρ
1329 872 1483 914 οἴεσθε
1524 873 1602 922 τὰς
1647 878 1734 915 τῶν

194 936 480 992 ἀτυχημάτων
510 936 649 990 άρχάς
678 937 768 979 ἀπὸ
798 942 940 989 θεῶν,
977 935 1070 979 ἀλλ’
1104 936 1182 989 οὐχ
1214 936 1285 979 ὑπ’
1317 936 1574 993 ἀνθρώπων
1603 938 1734 982 ἀσελ-

193 1008 312 1056 γείας
359 1007 606 1056 γίγνεσθαι,
662 1005 770 1058 μηδὲ
821 1004 922 1053 τούς
970 1002 1234 1058 ἠσεβηκότας
1284 1004 1491 1058 καθάπερ
1547 1002 1594 1047 ἐν
1640 1010 1734 1054 ταῖς

193 1070 456 1127 τραγῳδίαις
480 1071 646 1120 Ποινὰς
678 1068 879 1113 ἐλαύνειν
900 1073 973 1112 καὶ
1003 1068 1203 1119 κολάζειν
1229 1070 1359 1127 δᾳσὶν
1384 1069 1607 1125 ἡμμέναις·
1642 1070 1733 1114 ἀλλ’

194 1135 241 1178 αἱ
270 1141 503 1190 προπετεῖς
526 1143 604 1178 τοῦ
629 1135 832 1191 σώματος
851 1136 1007 1191 ἡδοναὶ
1022 1139 1095 1178 καὶ
1117 1136 1165 1178 τὸ
1186 1137 1321 1191 μηδὲν
1344 1136 1495 1179 ἱκανὸν
1513 1136 1734 1192 ἡγεῖσθαι,

193 1207 328 1245 ταῦτα
362 1203 526 1256 πληροῖ
559 1204 612 1244 τὰ
643 1201 858 1260 λῃστήρια
887 1229 939 1234 -
970 1201 1090 1245 ταῦτ’
1132 1201 1254 1245 ἐστιν
1291 1200 1458 1260 ἑκάστῳ
1496 1203 1648 1260 Ποινή.
1682 1230 1735 1233 —

197 1271 277 1311 Cic.
310 1271 388 1307 Pis.
420 1271 445 1320 ξ
475 1273 527 1308 46
571 1271 748 1318 ,nolite
787 1272 908 1309 enim
953 1279 1131 1322 putare
1168 1278 1209 1308 ut
1246 1273 1286 1308 in
1326 1286 1507 1310 scaena
1548 1273 1734 1310 videtis

195 1338 373 1375 homines
417 1337 808 1375 consceleratos
849 1338 1070 1389 impulsu
1112 1338 1315 1375 deorum
1354 1340 1492 1376 terreri
1526 1339 1735 1376 furialibus

196 1405 365 1443 taedis
410 1405 726 1442 ardentibus.
786 1405 883 1442 Sua
930 1418 1176 1456 quemque
1214 1405 1374 1454 fraus,
1423 1419 1532 1443 suum
1572 1406 1735 1454 facinus,

197 1485 308 1508 suum
346 1472 494 1522 scelus,
541 1484 611 1508 sua
650 1471 817 1508 audacia
855 1471 903 1509 (le
934 1472 1103 1509 sanitate
1133 1485 1179 1508 ac
1206 1478 1334 1510 mente
1374 1472 1569 1510 deturbat.
1630 1473 1735 1510 Hae

198 1546 309 1575 sunt
340 1539 601 1588 impiorum
632 1538 836 1585 Furiae,
874 1538 967 1575 hae
999 1538 1252 1587 flammae,
1289 1539 1380 1576 hae
1412 1539 1560 1576 faces.
1592 1563 1645 1566 —
1687 1539 1736 1576 de

196 1605 274 1655 leg.
308 1605 321 1641 l
355 1605 379 1654 ξ
410 1606 465 1642 40
494 1618 573 1653 ‚eos
604 1606 802 1654 agitant
833 1605 1154 1655 insectanturque
1184 1605 1387 1654 Furiae,
1428 1619 1522 1643 non
1564 1605 1647 1642 ard
1662 1620 1734 1642 en-

197 1671 336 1709 tibus
366 1671 552 1718 taedis,
586 1672 718 1708 sicut
748 1672 795 1707 in
827 1670 1044 1720 fabulis,
1076 1670 1143 1708 sed
1164 1684 1313 1721 angore
1335 1673 1597 1709 eonscientiae
1632 1673 1734 1709 frau—

198 1738 338 1789 disque
377 1738 577 1776 cruciatu‘.
637 1738 730 1774 Man
768 1737 848 1786 vgl.
892 1737 1048 1774 endlich
1090 1737 1190 1775 noch
1236 1738 1299 1775 (lie
1348 1739 1493 1775 schijne
1540 1739 1739 1789 poetisclie

199 1804 472 1854 Einkleidung
504 1804 631 1841 dieses
665 1803 907 1841 Gedankens
940 1804 1001 1841 bei
1032 1804 1182 1842 Lucrez
1214 1804 1286 1852 Ill,
1321 1806 1424 1842 1009
1458 1806 1520 1842 ff.:

254 1900 450 1938 Cerberus
484 1909 519 1937 et
550 1900 734 1938 Furiae
764 1901 841 1937 iam
872 1914 965 1937 vero
998 1906 1035 1937 et
1063 1901 1160 1937 lucis
1192 1914 1339 1950 egenus

252 1968 445 2004 Tartarus
476 1966 688 2004 horriferos
720 1975 900 2005 eructans
931 1967 1111 2004 faucibus
1143 1974 1285 2013 aestus,

255 2030 382 2085 quid?
413 2047 541 2084 neque
572 2041 686 2070 sunt
716 2048 916 2085 nsquam
946 2048 1018 2071 nec
1049 2042 1212 2084 possunt
1239 2047 1324 2071 esse
1355 2034 1552 2084 profecto:

255 2101 338 2139 sed
371 2108 528 2138 metus
560 2100 605 2136 in
634 2101 742 2137 vita
773 2114 1043 2152 poenarum
1075 2115 1159 2151 pro
1191 2100 1318 2137 male
1350 2101 1504 2137 factis

255 2175 312 2206 est
343 2167 564 2217 insignibus
594 2167 772 2218 insignis,
804 2168 1042 2218 scelerisque
1073 2167 1206 2215 luella,

256 2248 388 2272 carcer
419 2240 456 2271 et
486 2232 684 2270 horribilis
716 2232 764 2270 de
795 2248 890 2270 saxo
922 2231 1035 2270 iactu⁷
1067 2233 1262 2282 deorsum,

255 2301 433 2347 verbera,
465 2299 679 2347 carnifices,
710 2299 841 2348 robur,
872 2301 953 2350 pix,
984 2300 1182 2350 lammina,
1214 2300 1376 2348 taedae3

259 2381 383 2418 quae
413 2373 578 2403 tamen
603 2367 697 2403 etsi
730 2365 933 2413 absunt,
965 2373 1012 2403 at
1041 2380 1172 2403 mens
1204 2366 1322 2415 sibi,
1354 2368 1555 2404 conscia
1586 2368 1739 2405 factis

258 2442 610 2485 praemetuens
642 2432 850 2470 adhibet
881 2432 1112 2470 stimulos
1143 2439 1405 2483 terretque
1433 2433 1684 2484 flagellis,

258 2513 330 2538 nec
358 2500 468 2537 videt
497 2500 648 2536 interea
679 2500 745 2550 qui
776 2500 964 2537 terminus
995 2513 1080 2537 esse
1109 2499 1302 2537 malorum

258 2568 380 2618 possit
409 2580 481 2604 nec
512 2580 613 2617 quae
643 2567 692 2603 sit
722 2580 937 2617 poenarum
969 2566 1140 2616 denique
1170 2566 1270 2614 finis,

259 2639 376 2684 atque
407 2632 543 2670 eadem
574 2634 712 2670 metuit
742 2633 867 2682 magis
899 2633 995 2670 haec
1025 2647 1074 2671 ne
1104 2635 1143 2670 in
1172 2640 1296 2670 morte
1327 2638 1576 2682 gravescant.

260 2700 322 2737 hic
354 2699 574 2737 Acherusia
604 2699 647 2736 fit
676 2699 885 2736 stultorum
917 2699 1088 2750 denique
1118 2701 1213 2736 vita.

206 2800 295 2837 Wie
337 2800 406 2836 wir
450 2813 519 2837 aus
566 2800 701 2837 diesen
737 2799 888 2837 Stellen
931 2799 1033 2836 wohl
1079 2798 1293 2836 schliessen
1333 2798 1493 2847 diirfen,
1544 2797 1634 2836 dass
1678 2797 1741 2836 die

206 2866 353 2903 Furieu
392 2866 629 2903 wirklich
673 2866 740 2903 auf
779 2865 848 2903 der
877 2865 1017 2902 Biihne
1056 2865 1286 2902 erscliienen
1316 2864 1403 2901 sind
1453 2863 1522 2916 (cf.
1558 2864 1741 2902 Ribbeck

207 2945 245 2982 p.
279 2933 356 2969 269
389 2931 426 2969 d.
459 2935 495 2969 1.
527 2932 629 2970 Aufl.
663 2932 731 2969 der
762 2932 905 2981 'l'rag.:
949 2932 1091 2969 Furias
1122 2932 1227 2982 ipsas
1257 2932 1296 2968 in
1327 2945 1445 2969 scena
1475 2933 1740 2981 comparuisse
