1820 3068
155 78 207 120 18
641 78 909 124 Argumentum
936 77 1180 116 Scholiastae.

156 203 308 231 causae
340 189 601 232 admirabile.
621 190 654 215 ¹¹
707 190 820 232 Nata
849 191 983 245 primo
999 191 1033 216 12
1064 191 1369 232 admirabilitas
1400 204 1451 232 ex
1479 191 1658 234 adverso

155 261 364 311 tempore,
398 270 449 298 ex
479 257 668 311 potentia
698 258 893 308 Sullana,
927 271 977 298 ex
1008 257 1296 310 magnitudine
1327 258 1556 312 parricidii.

252 434 314 477 11)
354 433 423 468 Die
463 432 685 468 Rhetoriker
722 431 1008 467 unterscheiden
1050 432 1136 468 fiinf
1169 443 1347 478 genera
1386 444 1654 470 causarum:

154 502 270 536 genus
303 491 565 533 honestum,
599 490 791 532 humile,
827 490 1030 534 dubium,
1066 492 1347 528 admirabile
1375 493 1656 538 (παράδοξον),

155 550 414 585 obscurum.
488 550 612 585 Ueber
651 549 718 584 das
756 561 874 594 genus
915 550 1200 586 admirabile
1243 552 1312 596 vgl.
1353 552 1438 587 Mar.
1481 552 1657 587 Victorin.

154 621 188 654 p.
221 611 304 653 196,
335 612 377 646 14
404 610 447 643 H.
488 610 553 652 (zu
589 609 661 643 Cic.
696 609 740 643 de
772 610 844 644 inv.
878 612 915 653 1,
946 613 1004 652 15,
1031 611 1117 654 21);
1169 610 1397 645 Admirabile
1431 614 1489 645 est
1522 619 1658 645 causae

152 678 281 712 genus,
308 679 389 702 cum
414 668 445 702 is
473 667 694 710 defenditur,
722 678 828 712 quem
854 667 902 703 ob
930 669 1301 714 magnitudinem
1328 669 1487 704 criminis
1506 668 1658 703 defendi

152 727 273 762 nullus
300 737 411 771 posse
438 726 624 761 credebat.
685 727 814 770 Itaque
849 726 907 762 hic
941 727 1082 762 iudices
1110 727 1270 762 benivoli
1297 727 1459 763 faciendi
1487 732 1582 763 sunt.
1614 747 1656 752 —

154 786 283 829 Sulpit.
310 786 403 820 Vict.
431 785 514 820 inst.
541 796 592 820 or.
615 786 746 829 p.316‚
766 787 809 821 32
824 796 878 829 sq.
914 786 1154 821 Admirabilis
1182 787 1276 821 enim
1304 797 1417 821 causa
1443 791 1501 821 est
1527 789 1657 830 (quare

155 850 213 879 est
245 854 267 878 a
301 844 445 887 ,mirari‘
492 843 624 886 dieta),
667 854 761 888 quae
800 845 885 880 talis
923 844 1019 880 facie
1054 845 1138 889 ipsa
1176 845 1321 880 videtur
1356 845 1517 889 talisque
1557 844 1657 888 apud

153 904 365 947 opinionem
390 903 548 937 iudicum
577 903 701 946 coepit
727 913 822 947 esse,
848 909 888 938 ut
914 904 1139 938 admirentur
1172 914 1389 947 quemquam
1417 904 1471 938 ad
1498 902 1657 938 defen-

155 965 333 997 sionem
361 962 461 997 eius
488 961 732 997 accedere.
763 983 805 987 —
832 963 886 996 Ex
909 962 1010 998 Grill.
1036 966 1242 998 commento
1270 973 1304 1006 p.
1333 963 1412 1006 600,
1439 963 1484 998 34
1509 962 1572 997 H.:
1615 963 1656 997 In

154 1020 361 1055 admirabili
395 1030 530 1064 genere
566 1030 703 1055 causae
738 1021 848 1055 animi
882 1022 1041 1056 iudicum
1074 1021 1273 1056 abalienati
1300 1025 1403 1064 sunt,
1441 1021 1478 1055 id
1504 1025 1561 1055 est
1586 1021 1656 1056 ira-

154 1083 324 1123 scuntur,
351 1079 446 1114 sicut
471 1079 507 1113 in
534 1079 786 1114 Rosciana.
836 1080 923 1122 Quis
950 1081 1046 1115 enim
1072 1092 1145 1116 non
1170 1085 1381 1124 moveatur,
1411 1079 1473 1114 ubi
1501 1080 1658 1115 audierit

153 1139 314 1174 occisum
347 1148 369 1172 a
402 1134 478 1174 filio
513 1142 654 1183 patrem
693 1143 756 1174 aut
788 1150 868 1173 cum
901 1139 1035 1174 viderit
1075 1140 1123 1174 ad
1156 1139 1486 1174 defensionem
1520 1149 1657 1175 causae

152 1199 306 1233 tironem
346 1197 578 1232 accedere
617 1196 876 1233 defensorem?
926 1199 998 1242 vgl.
1036 1199 1105 1234 den
1141 1199 1379 1233 Kommentar
1416 1208 1460 1232 zu
1496 1201 1515 1240 ξ
1543 1199 1575 1233 1.
1612 1218 1656 1224 —

157 1258 221 1298 12)
250 1256 422 1299 Primo,
464 1255 531 1290 das
557 1256 598 1291 E.
626 1266 661 1299 p.
689 1258 732 1292 19
766 1256 824 1291 fiir
858 1258 998 1292 sinnlos
1033 1257 1173 1292 erklart
1204 1257 1278 1292 und
1313 1256 1432 1291 wofiir
1464 1267 1503 1291 er
1536 1258 1656 1292 enim

153 1315 255 1350 lesen
280 1315 371 1359 will,
399 1314 499 1349 steht
523 1314 620 1357 hier,
646 1325 741 1359 ganz
768 1325 1013 1361 angemessen
1041 1316 1123 1351 dem
1151 1316 1261 1351 Sinne
1289 1316 1354 1351 der
1371 1316 1502 1360 Stelle,
1529 1315 1565 1350 in
1592 1315 1657 1351 der

153 1374 377 1419 Bedeutung
402 1388 444 1406 z
471 1374 698 1418 imprimis
724 1375 792 1410 wie
820 1375 963 1410 Arnob.
988 1386 1025 1419 p.
1046 1377 1102 1419 25,
1129 1377 1174 1412 10
1199 1375 1242 1410 R.
1584 1386 1588 1391 ·
