1820 3068
472 175 543 210 Pro
571 176 652 211 Sex.
679 176 816 211 Roscio
843 188 873 211 0.
899 178 944 213 38
971 181 989 219 ἓ
1017 179 1215 214 hia—111.
1540 180 1591 221 (51

204 285 446 328 XXXVIII.
505 287 629 328 Venit
660 287 701 328 in
732 287 875 328 decem
909 288 1052 341 primis
1083 289 1247 341 legatus
1279 289 1320 330 in
1352 297 1490 330 castra
1514 290 1658 331 Ca-mn

94 351 194 404 pito.
253 352 401 394 Totam
432 353 579 405 vitam,
623 358 813 394 naturam
852 367 1071 407 moresque
1112 355 1291 396 hominis
1330 369 1382 396 ex
1412 355 1506 409 ipsa
1536 358 1591 398 le·

96 418 267 470 gatione
300 421 553 473 cognoscite.
611 420 703 460 Nisi
734 419 1045 472 intellexeritis,
1088 421 1267 474 iudices,
1313 422 1468 462 nullum
1501 436 1593 463 esse

95 484 295 538 officium,
327 487 483 527 nullum
513 487 577 527 ius
607 490 691 526 tam
725 491 911 527 sanctum
944 491 1069 539 atque
1100 487 1327 540 integrum,
1369 488 1478 540 quod
1512 502 1592 529 non

95 550 183 592 eius
213 553 349 593 scelus
381 558 503 606 atque
535 552 711 606 perfidia
748 552 915 592 violarit
945 557 984 593 et
1015 553 1290 604 imminuerit,
1323 554 1455 594 virum
1488 556 1592 608 opti-

95 630 203 658 mum
251 631 344 659 esse
376 632 466 659 eum
498 618 737 660 iudicatote.
795 618 1098 672 Impedimento
1140 624 1220 667 est,
1263 633 1344 672 quo
1375 620 1510 661 minus
1542 621 1660 662 (10110

95 682 159 724 his
205 684 328 725 rebus
373 685 491 726 Sulla
531 685 752 735 doceatur,
803 690 1030 726 ceterorum
1073 686 1305 738 legatorum
1347 687 1524 728 consilia
1555 692 1593 728 et

94 750 347 791 voluntatem
366 751 642 804 Chrysogono
664 751 862 801 enuntiat,
883 756 1034 801 monet,
1066 759 1108 792 ut
1126 752 1357 805 provideat,
1382 766 1432 794 ne
1454 754 1594 806 palam

94 829 161 856 res
192 821 363 869 agatur,
403 817 605 869 ostendit,
651 817 685 858 si
717 818 882 858 sublata
913 818 966 859 sit
996 819 1180 860 venditio
1211 819 1431 870 bonorum,
1477 819 1592 859 illum

94 882 315 936 pecuniam
360 883 562 936 grandem
609 884 880 933 amissurum,
919 897 1010 925 sese
1053 884 1202 937 capitis
1245 886 1474 938 periculum
1507 885 1593 926 adi-

94 953 250 1001 turum3
281 949 395 990 illum
427 963 589 999 acuere,
622 950 710 1002 hos,
743 951 810 1003 qui
842 951 963 991 simul
987 955 1105 992 erant
1123 951 1254 1004 missi,
1287 951 1445 1004 fallere,
1479 952 1593 992 illum

94 1014 319 1056 identidem
359 1029 546 1068 monere,
593 1020 636 1057 ut
674 1020 860 1069 caveret,
908 1017 1023 1058 hisce
1055 1017 1255 1059 insidiose
1294 1031 1411 1072 spem
1442 1018 1594 1059 falsam

94 1081 336 1133 ostendere,
368 1095 459 1123 cum
490 1082 561 1123 illo
596 1088 740 1124 contra
769 1083 845 1124 hos
877 1083 980 1125 inire
1013 1084 1208 1134 consilia,
1242 1084 1387 1125 horum
1419 1085 1595 1126 consilia

94 1148 155 1189 illi
187 1148 422 1201 enuntiare,
465 1162 556 1190 cum
587 1149 660 1190 illo
692 1154 855 1203 partem
886 1163 1003 1190 suam
1036 1150 1267 1203 depecisci,
1306 1151 1421 1192 hisce
1453 1151 1595 1203 aliqua

94 1214 191 1256 ficta
238 1228 355 1256 mora
406 1228 571 1269 semper
619 1229 763 1257 omnes
814 1216 952 1257 aditus
997 1216 1050 1257 ad
1096 1217 1255 1257 Sullam
1302 1218 1593 1259 intercludere.

94 1281 310 1323 Postremo
341 1281 421 1323 isto
442 1282 668 1334 hortatore,
701 1287 883 1334 auctore,
914 1283 1189 1325 intercessore
1209 1283 1263 1324 ad
1284 1285 1442 1326 Sullam
1466 1285 1595 1337 legati

94 1361 176 1389 non
207 1347 419 1400 adierunt-3
462 1348 583 1389 istius
614 1348 694 1389 fide
727 1363 776 1390 ac
805 1349 944 1403 potius
977 1350 1153 1403 perfidia
1184 1351 1369 1404 decepti,
1411 1351 1453 1391 id
1485 1351 1596 1403 quod

95 1428 147 1455 ex
176 1414 279 1468 ipsis
325 1427 580 1467 cognoscere
620 1415 831 1469 poteritis,
877 1417 911 1457 si
951 1421 1171 1458 accusator
1200 1417 1377 1458 voluerit
1412 1419 1595 1459 testimo-

95 1481 206 1522 nium
236 1481 287 1522 iis
318 1481 585 1532 denuntiare,
617 1495 692 1535 pro
724 1496 767 1523 re
799 1488 911 1524 certa
943 1496 1059 1536 spem
1092 1484 1242 1524 falsam
1273 1483 1439 1525 domum
1471 1489 1594 1525 rettu-

95 1549 242 1589 lerunt.
301 1548 347 1588 In
385 1547 560 1601 privatis
607 1549 730 1590 rebus
771 1549 805 1589 si
845 1550 913 1602 qui
953 1563 1037 1591 rem
1079 1550 1319 1591 mandatam
1359 1563 1439 1591 non
1472 1551 1662 1592 modom

96 1614 344 1656 malitiosius
375 1613 580 1668 gessisset
610 1614 673 1655 sui
704 1620 902 1669 quaestus
934 1621 1005 1656 aut
1036 1617 1242 1658 commodi
1273 1630 1421 1669 causa,
1454 1631 1594 1659 verum

97 1681 221 1722 etiam
252 1681 566 1734 neglegentius,
598 1694 688 1722 eum
722 1682 902 1723 maiores
934 1695 1137 1724 summum
1162 1683 1384 1725 admisisse
1417 1684 1598 1725 dedecus

194 1843 337 1878 Testt'm.
363 1847 430 1878 vet.

192 1901 314 1937 Seltol.
346 1902 410 1937 Gr.

190 1961 284 2004 Kap.
311 1961 506 1997 XXXVIII
533 1965 562 2002 §.
590 1963 667 1998 109.
719 1961 860 1997 Venit
888 1961 992 2006 [in¹)]
1022 1960 1178 1996 decem
1204 1961 1374 2006 primis]
1415 1962 1523 1996 Modo
1550 1962 1600 1996 ita

97 2019 145 2054 ad
181 2019 398 2063 Capitonem
432 2019 527 2054 redit
560 2024 595 2054 et
628 2020 750 2053 omnia
786 2021 940 2063 repetit,
985 2030 1080 2064 quae
1112 2020 1147 2054 in
1183 2024 1398 2065 argumento
1433 2021 1599 2063 diximus,

98 2078 283 2123 quomodo
311 2078 358 2112 ad
375 2077 656 2122 Chrysogonum
672 2079 833 2121 venerit,
862 2079 1047 2122 quomodo
1070 2080 1216 2123 legatos
1236 2079 1483 2122 induxerit2)‚
1512 2089 1600 2122 quo-

97 2136 206 2172 modo
234 2148 306 2172 non
333 2137 541 2181 permiserit
568 2136 704 2171 Sullam
730 2137 891 2182 adiress).

194 2199 213 2238 ξ
243 2196 320 2233 110.
371 2195 682 2241 Chrysogono
709 2196 913 2240 nuntiat]
942 2196 1043 2230 Idem
1068 2196 1212 2241 Capito.

192 2255 330 2290 Illum
357 2255 604 2299 pecuniam
631 2255 867 2300 grandem]
896 2255 1019 2298 Illum,
1047 2254 1340 2301 Chrysogonum.

196 2317 214 2355 ξ
243 2316 323 2350 111.
366 2315 412 2348 In
440 2314 646 2358 privatis
672 2313 825 2359 rebus]
856 2313 1017 2348 Mandati
1045 2314 1267 2359 iudicium4)
1296 2313 1467 2349 infamem
1495 2313 1601 2358 facit,

97 2376 137 2407 ut
162 2376 268 2417 puta:
297 2373 384 2407 dedi
412 2373 520 2407 alicui
547 2377 691 2408 centum
719 2372 833 2407 libras
860 2373 1022 2417 argenti,
1049 2376 1089 2407 ut
1114 2377 1250 2407 emeret
1276 2373 1361 2407 mihi
1391 2374 1601 2417 possessio-

97 2441 198 2475 nem3
238 2431 300 2466 ille
337 2432 424 2466 emit
449 2433 646 2476 sexaginta.
679 2436 716 2467 et
743 2432 834 2466 dixit
860 2443 899 2466 se
927 2431 1059 2466 emisse
1086 2435 1229 2466 centum
1264 2436 1299 2466 et
1323 2432 1433 2473 XL5)
1469 2433 1601 2475 rapuit.

97 2490 177 2524 Hoc
204 2500 312 2534 quum
347 2492 532 2535 cognitum
563 2490 689 2533 fuerit,
723 2490 869 2526 infamis
897 2488 948 2525 fit.
1001 2490 1123 2525 Simile
1151 2491 1285 2525 crimen
1313 2494 1369 2524 est
1394 2501 1461 2534 pro
1487 2491 1602 2530 socio,

97 2552 138 2583 ut
162 2552 269 2593 puta:
297 2548 369 2585 duo
387 2553 472 2585 sunt
483 2549 512 2594 6)
541 2550 652 2594 socii3
679 2551 709 2585 si
740 2551 822 2595 quis
848 2550 954 2584 alteri
974 2549 1139 2584 fraudem
1166 2548 1311 2591 fecerit,
1339 2549 1603 2584 condemnatus

98 2607 166 2642 erit
189 2606 348 2643 infamis.

195 2698 230 2739 1)
257 2698 297 2729 in
323 2700 382 2730 hat
407 2699 463 2731 Or.
491 2699 679 2738 eingesetzt.
726 2717 767 2721 -—
821 2700 857 2740 2)
883 2700 985 2738 Vulg.
1015 2699 1133 2729 venit
1161 2717 1200 2721 —
1230 2698 1406 2728 induxit
1436 2716 1477 2720 —
1505 2707 1600 2737 per-

98 2745 276 2776 miserit.
307 2765 349 2769 —
402 2747 438 2787 3)
466 2747 587 2778 adire
614 2750 766 2785 erganzte
795 2747 872 2777 Sch.
901 2765 943 2769 —
996 2747 1032 2787 4)
1060 2747 1160 2784 Vulg.
1191 2746 1229 2776 in
1256 2745 1443 2785 privatis
1470 2745 1602 2774 robus

98 2794 275 2823 mandat
300 2793 470 2824 indic-iu
481 2795 531 2834 111]
559 2794 722 2824 Infamem
742 2801 822 2833 erc.;
848 2796 907 2824 das
922 2795 1062 2824 Lemma.
1076 2795 1135 2823 hat
1149 2792 1271 2830 richtig
1290 2792 1482 2830 liergestellt
1499 2793 1535 2821 P».
1559 2808 1601 2813 -ό

100 2842 134 2878 5)
163 2840 225 2870 XL
251 2843 404 2879 erg'zinzte
431 2841 486 2873 Or.
514 2842 575 2872 mit
599 2842 715 2872 Recht.
758 2860 800 2864 —
877 2841 910 2883 6)
938 2842 1040 2878 Vulg.
1068 2843 1134 2871 duo
1162 2840 1243 2870 socii
1270 2839 1314 2875 si:
1357 2841 1395 2870 B.
1424 2841 1483 2870 hat
1509 2844 1603 2869 sunt

99 2886 277 2926 eingefiigt,

1297 2940 1319 2957 ..δ’
