1820 3068
469 149 540 186 Pro
567 150 656 186 Sex(
677 151 815 185 Roscio
843 161 873 186 c.
900 153 1039 187 ‘il—12
1066 155 1085 193 ξ
1111 153 1263 189 29—32.
1564 153 1617 195 33

121 261 217 304 huic
246 266 384 303 autem
430 266 630 316 patronos
674 267 842 316 propter
874 261 1139 317 Chrysogoni
1170 262 1352 315 gratiam
1384 262 1617 315 defuturos,

121 330 172 370 de
204 329 404 369 bonorum
435 328 672 369 venditione
704 333 743 370 et
780 329 831 370 de
862 329 944 370 ista
973 328 1173 369 societate
1205 328 1376 370 verbum
1408 342 1501 370 esse
1532 329 1617 370 fac-

120 400 254 436 turum
285 395 514 447 neminem3
547 394 638 448 ipso
668 395 834 436 nomine
864 395 1079 449 parricidii
1115 399 1155 436 et
1185 396 1403 436 atrocitate
1435 395 1618 437 criminis

121 461 234 513 fore,
265 466 308 502 ut
338 461 405 502 hic
435 461 548 501 nullo
578 461 748 514 negotio
779 462 1015 514 tolleretur,
1064 475 1155 503 cum
1193 462 1245 502 ab
1276 462 1389 502 nullo
1421 461 1618 503 defensus

121 529 258 569 esset‘.
316 527 407 569 Hoc
432 527 606 568 consilio
637 532 760 582 atque
793 528 899 569 adeo
930 528 1010 569 hac
1040 527 1224 569 amentia
1262 528 1450 581 impulsi,
1497 541 1618 581 quem
1632 539 1667 565 29

120 594 213 648 ipsi,
245 607 336 635 cum
365 598 584 647 cuperent,
625 606 707 634 non
737 599 958 648 potuerunt
989 595 1192 646 occidere,
1225 608 1317 637 eum
1346 594 1618 647 iugulandum

120 661 240 702 vobis
268 660 541 701 tradiderunt.

230 726 304 768 XI.
363 725 472 776 Quid
503 725 679 779 primum
713 739 863 780 querar
896 731 966 768 aut
995 727 1104 768 unde
1136 727 1413 781 potissimum,
1446 727 1619 780 iudices,

121 793 262 834 ordiar
304 798 374 834 aut
412 792 522 846 quod
569 796 639 833 aut
683 806 707 833 a
751 794 899 846 quibus
945 794 1143 834 auxilium
1176 794 1349 848 petam?
1394 793 1620 835 deorumne

121 860 437 911 immortalium,
468 859 666 912 populine
697 859 893 910 Romani,
926 865 1181 911 vestramne,
1214 860 1282 912 qui
1314 873 1516 901 summam
1548 872 1619 913 po-

120 930 312 967 testatem
344 925 507 966 habetis
540 926 619 966 hoe
649 930 848 980 tempore,
882 927 1004 969 fidem
1028 927 1281 980 implorem?
1309 927 1434 968 Pater
1458 926 1620 967 occisus
1635 936 1671 962 30

121 992 294 1039 nefarie,
327 992 473 1033 domus
505 992 680 1033 obsessa
710 993 762 1033 ab
794 993 986 1043 inimicis,
1024 993 1134 1034 bona
1165 993 1374 1047 adempta,
1406 1005 1620 1047 possessa,

122 1058 304 1112 direpta,
338 1058 410 1099 filii
444 1059 531 1099 vita
559 1058 731 1111 infesta,
772 1072 899 1113 saepe
931 1060 1040 1100 ferro
1072 1064 1195 1112 atque
1226 1059 1388 1100 insidiis
1420 1060 1619 1114 appetita.

123 1125 233 1175 Quid
274 1125 326 1166 ab
367 1124 431 1166 his
473 1129 532 1166 tot
571 1124 788 1166 maleficiis
828 1126 998 1167 sceleris
1031 1125 1181 1167 abesse
1212 1126 1405 1167 videtur?
1461 1126 1621 1168 Tamen

121 1192 229 1233 haee
260 1192 354 1232 aliis
384 1191 556 1233 nefariis
590 1192 801 1233 cumula-nt
832 1196 953 1245 atque
984 1192 1217 1245 adaugent,
1259 1193 1414 1234 crimen
1444 1192 1620 1234 incredi-

122 1257 205 1299 bile
237 1258 490 1311 confingunt,
520 1263 648 1299 testes
677 1258 718 1298 in
749 1259 858 1299 hunc
888 1263 927 1299 et
957 1264 1224 1301 accusatores
1250 1260 1421 1300 huiusce
1445 1259 1622 1312 pecunia

123 1330 388 1379 comparant3
424 1325 532 1366 hanc
562 1324 849 1366 condicionem
881 1325 1032 1366 misero
1062 1325 1218 1377 ferunt,
1250 1330 1292 1366 ut
1323 1330 1456 1379 optet,
1487 1330 1621 1366 utrum

123 1392 241 1432 malit
271 1392 454 1432 cervices
477 1392 523 1433 T.
546 1392 699 1433 Roscio
731 1391 831 1433 dare
862 1405 914 1432 an
946 1392 1106 1432 insutus
1136 1392 1177 1432 in
1209 1392 1385 1433 culleum
1416 1405 1490 1446 per
1514 1405 1621 1432 sum-

122 1470 232 1498 mum
264 1457 446 1498 dedecus
476 1458 605 1499 vitam
638 1458 839 1500 amittere.
897 1458 1102 1500 Patronos
1133 1458 1228 1499 huic
1258 1459 1473 1500 defuturos
1504 1464 1621 1512 puta-

122 1528 287 1565 verunt:
333 1523 504 1575 desunt3
549 1524 617 1578 qui
648 1525 777 1566 libere
810 1524 942 1577 dicat,
984 1525 1053 1578 qui
1085 1539 1174 1566 eum
1207 1524 1288 1566 fide
1319 1525 1539 1577 defendat,
1579 1524 1622 1565 id

123 1589 233 1644 quod
264 1590 305 1630 in
334 1590 414 1631 hac
444 1604 572 1632 causa
602 1591 703 1632 satis
735 1596 807 1641 est,
840 1605 921 1632 non
952 1591 1070 1632 deest
1099 1592 1301 1646 profecto,
1333 1591 1504 1633 iudices.
1572 1592 1623 1632 Et
1638 1604 1672 1630 31

122 1656 297 1698 forsitan
317 1656 358 1697 in
379 1657 646 1711 suscipienda
671 1671 799 1699 causa
828 1662 983 1700 temere
1014 1658 1217 1712 impulsus
1248 1658 1534 1700 adulescentia
1565 1658 1621 1699 fe-

124 1723 269 1775 cerim3
302 1723 495 1776 quoniam
527 1724 693 1777 quidem
725 1725 854 1766 semel
885 1726 1063 1779 suscepi,
1096 1725 1192 1766 licet
1222 1725 1412 1766 hercules
1443 1725 1623 1778 undique

124 1803 267 1831 omnes
312 1790 482 1831 minae
527 1794 577 1831 et
622 1796 802 1832 terrores
849 1791 1119 1845 periculaque
1160 1791 1432 1845 impendeant
1470 1792 1621 1843 omnia,

123 1869 361 1898 succurram
401 1862 525 1909 atque
564 1857 727 1899 subibo.
798 1858 963 1899 Certum
1003 1863 1066 1900 est
1096 1858 1474 1912 deliberatumque,
1516 1871 1623 1910 quae

124 1923 178 1964 ad
210 1936 378 1965 causam
411 1924 617 1977 pertinere
648 1924 838 1976 arbitror,
871 1925 1011 1966 omnia
1040 1937 1121 1966 non
1148 1924 1272 1965 modo
1299 1925 1449 1975 dicere,
1482 1938 1623 1966 verum

125 1989 249 2031 etiam
279 1990 468 2042 libenter,
502 1990 700 2031 audacter
731 1991 943 2044 libereque
974 1991 1134 2041 dicere3
1166 1991 1282 2032 nulla
1310 2004 1376 2032 res
1406 1996 1523 2032 tanta
1554 2005 1621 2032 ex-

125 2055 264 2108 sistet,
304 2056 483 2108 iudices,
526 2060 569 2097 ut
604 2056 739 2109 possit
768 2057 850 2098 vim
889 2057 988 2098 mihi
1027 2058 1227 2098 maiorem
1259 2058 1459 2098 adhibere
1490 2065 1623 2099 metus

124 2136 248 2177 quam
278 2121 394 2164 fides.
461 2122 623 2163 Etenim
654 2123 745 2176 quis
775 2128 859 2164 tam
892 2123 1093 2165 dissoluto
1127 2125 1265 2165 animo
1297 2129 1379 2176 est,
1418 2123 1487 2177 qui
1518 2124 1623 2166 haec
1638 2137 1673 2162 32

124 2203 216 2231 cum
247 2189 406 2240 videat,
437 2194 576 2231 tacere
608 2203 658 2231 ac
688 2190 914 2242 neglegere
944 2190 1108 2243 possit?
1146 2191 1312 2232 Patrem
1334 2204 1498 2243 meum,
1532 2204 1623 2232 cum

125 2256 383 2311 proscriptus
423 2269 505 2297 non
543 2261 675 2307 esset,
720 2256 963 2309 iugulastis,
1005 2257 1187 2298 occisum
1224 2258 1265 2298 in
1297 2257 1623 2312 proscriptorum

124 2336 337 2364 numerum
368 2322 603 2371 rettulistis,
636 2335 701 2363 me
732 2322 854 2363 domo
886 2336 980 2363 mea
1010 2337 1082 2377 per
1114 2324 1195 2364 vim
1228 2324 1466 2377 expulistis,
1497 2324 1623 2377 patri-

124 2388 306 2430 monium
336 2401 471 2429 meum
503 2389 742 2441 possidetis.
801 2389 909 2438 Quid
940 2390 1064 2431 vultis
1098 2391 1314 2444 amplius?
1359 2390 1538 2432 etiamne
1569 2391 1623 2432 ad

124 2455 326 2496 subsellia
366 2468 457 2496 cum
496 2454 606 2496 ferro
645 2460 767 2508 atque
798 2456 891 2497 telis
922 2457 1116 2509 venistis,
1158 2461 1200 2498 ut
1229 2457 1296 2499 hic
1327 2463 1396 2498 aut
1425 2458 1622 2511 iuguletis

124 2525 196 2562 aut
225 2520 508 2563 condemnetis
541 2522 637 2564 SeX.
668 2522 897 2564 Roscium?

233 2586 330 2627 XII.
376 2587 595 2629 Hominem
632 2589 757 2642 longe
795 2589 1118 2630 audacissimum
1158 2603 1289 2643 nuper
1328 2589 1549 2630 habuimus
1581 2589 1672 2630 in33

126 2653 292 2695 civitate
324 2653 367 2694 G.
393 2654 620 2695 Fimbriam
652 2659 709 2707 et,
740 2656 850 2708 quod
878 2656 986 2696 inter
1016 2669 1160 2697 omnes
1190 2661 1372 2709 constat,
1405 2656 1484 2696 nisi
1516 2656 1622 2697 inter

126 2733 213 2773 eos,
245 2720 313 2772 qui
344 2720 424 2774 ipsi
455 2734 617 2774 quoque
647 2722 871 2774 insaniunt,
903 2722 1227 2763 insanissimum.
1289 2723 1328 2762 Is
1360 2735 1451 2763 cum
1482 2735 1621 2763 ouras—

127 2790 202 2839 set,
226 2786 267 2827 in
287 2786 432 2828 funere
454 2786 498 2828 C.
521 2787 642 2828 Marii
665 2793 708 2829 ut
731 2788 779 2838 Q.
799 2788 1007 2830 Scaevola
1031 2789 1330 2840 vulneraretur,
1362 2788 1422 2829 vir
1447 2788 1622 2830 sanctis-

127 2852 255 2894 simus
297 2858 421 2906 atque
462 2853 753 2895 ornatissimus
798 2859 963 2897 nostrae
1009 2855 1206 2908 civitatis,
1254 2854 1305 2896 de
1347 2855 1461 2896 cuius
1498 2855 1622 2897 laude

161 2920 365 2953 Landgraf,
395 2921 454 2946 Cic.
475 2922 555 2946 Rede
576 2922 596 2947 f.
616 2921 683 2947 Sex.
705 2923 792 2948 Rosc.
1320 2921 1345 2965 3
