1820 3068
227 159 281 200 44
630 161 700 196 Pro
727 160 800 195 Sex
838 161 973 196 Roscio
1001 171 1030 196 c.
1060 162 1101 198 19
1129 164 1147 203 ξ
1177 162 1327 197 53-54.

181 270 512 320 53‚Exheredare
543 276 662 325 pater
693 272 821 313 filium
853 272 1095 325 cogitabat!
1153 271 1270 313 Mitto
1301 285 1522 325 quaerere,
1560 286 1643 326 qua
1672 272 1724 314 de

229 350 375 390 causa,
415 352 590 391 quaero,
622 338 691 392 qui
723 339 854 390 scias3
885 339 1051 380 tametsi
1082 343 1122 380 te
1153 338 1291 381 dicere
1324 344 1447 392 atque
1479 352 1723 381 enumerare

228 417 378 446 causas
409 417 551 446 omnes
583 406 813 458 oportebat,
846 409 885 446 et
914 405 956 445 id
988 409 1078 446 erat
1107 406 1207 447 certi
1239 405 1496 447 accusatoris
1528 406 1723 454 officium,

229 471 296 524 qui
328 471 431 512 tanti
462 472 633 513 sceleris
665 475 883 525 argueret,
924 472 1135 525 explicare
1169 472 1308 513 omnia
1341 472 1442 513 vitia
1471 485 1520 514 ac
1550 476 1725 526 peccata

226 538 313 589 filii,
345 537 494 590 quibus
525 538 718 579 incensus
748 551 902 592 parens
924 539 1103 592 potuerit
1127 539 1308 580 animum
1335 538 1546 592 inducere,
1580 543 1623 580 ut
1651 552 1723 580 na·

226 609 359 645 turam
391 604 525 658 ipsam
558 604 755 657 vinceret,
788 609 831 646 ut
860 619 1043 647 amorem
1074 606 1188 647 illum
1220 607 1384 660 penitus
1415 606 1583 647 insitum
1618 606 1722 647 eice·

226 675 288 713 ret
325 684 376 711 ex
415 670 574 719 animo,
617 676 661 712 ut
701 671 878 725 denique
921 676 1081 726 patrem
1123 685 1215 714 esse
1253 685 1345 714 sese
1384 672 1720 714 oblivisceretur:

228 750 334 790 quae
364 737 452 778 sine
483 737 647 791 magnis
686 739 856 780 huiusce
897 738 1082 792 peccatis
1113 738 1303 781 accidere
1334 739 1518 792 potuisse
1548 752 1630 780 non
1662 752 1724 780 ar-

178 803 212 827 54
226 804 367 845 bitror.
414 804 566 845 Verum
599 805 783 846 concedo
813 805 900 858 tibi,
932 809 976 846 ut
998 818 1048 846 ea
1069 809 1324 859 praetereas,
1357 818 1463 857 quae
1485 819 1575 847 cum
1599 809 1727 857 taces,

225 871 340 911 nulla
373 883 464 912 esse
497 871 713 923 concedis3
754 871 855 913 iliud
888 871 1067 924 quidem,
1099 872 1282 913 voluisse
1314 871 1584 924 exheredare,
1616 876 1726 914 certe

225 941 268 978 tu
298 938 467 991 planum
499 938 638 980 facere
670 939 810 980 debes.
870 938 978 988 Quid
1010 952 1110 992 ergo
1142 938 1304 989 adfers,
1339 951 1467 992 quare
1498 938 1540 980 id
1571 938 1726 980 factum

226 1004 450 1059 putemus?
494 1004 600 1046 Vere
631 1005 733 1046 nihil
765 1009 883 1059 potes
915 1005 1073 1057 dicere3
1106 1005 1217 1058 finge
1249 1005 1408 1057 aliquid
1438 1005 1586 1046 saltem
1618 1018 1726 1046 com-

226 1071 361 1122 mode,
392 1076 436 1112 ut
466 1084 515 1112 ne
547 1072 671 1125 plane
694 1072 876 1114 videaris
901 1072 942 1113 id
966 1072 1119 1123 facere,
1152 1071 1262 1125 quod
1284 1076 1427 1125 aperte
1455 1072 1572 1122 facis,
1604 1072 1726 1113 huius

226 1138 366 1179 miseri
414 1138 590 1179 fortunis
631 1144 670 1180 et
709 1139 855 1180 horum
896 1139 1074 1180 virorum
1115 1138 1259 1179 talium
1304 1138 1497 1192 dignitati
1537 1138 1726 1180 illudere.

226 1204 495 1246 Exheredare
528 1205 655 1246 filium
689 1206 829 1247 voluit.
890 1206 1024 1255 Quam
1056 1206 1108 1247 ob
1141 1205 1342 1247 causam?
1394 1204 1587 1257 ‚Nescio‘.
1647 1205 1726 1246 Ex-

226 1271 530 1313 heredavitne‘?
560 1272 697 1324 ,Non‘.
751 1271 853 1322 Quis
884 1272 1129 1326 prohibuit?
1159 1272 1426 1325 ,Cogitabat‘.
1472 1271 1728 1325 Oogitabat?

226 1338 290 1379 cui
322 1338 427 1379 dixit
457 1338 663 1391 ,Nemini‘.
714 1338 824 1388 Quid
855 1343 918 1380 est
949 1339 1062 1380 aliud
1093 1338 1245 1379 iudicio
1268 1352 1317 1379 ac
1340 1338 1504 1391 legibus
1528 1351 1577 1380 ac
1600 1338 1725 1379 maie-

226 1408 333 1446 state
363 1410 505 1446 vestra
535 1405 649 1446 abuti
682 1405 734 1445 ad
766 1410 983 1459 quaestum
1023 1409 1148 1458 atque
1179 1405 1232 1446 ad
1264 1404 1499 1455 libidinem,
1538 1404 1618 1446 nisi
1649 1404 1729 1446 hoc

226 1472 349 1513 modo
390 1485 590 1513 accusare
629 1476 753 1524 atque
794 1472 836 1513 id
877 1472 1062 1524 obicere,
1108 1471 1218 1524 quod
1257 1472 1426 1525 planum
1467 1471 1607 1512 facere
1645 1484 1728 1512 non

178 1547 212 1571 55
227 1539 351 1580 modo
383 1551 465 1580 non
496 1539 655 1593 possis,
687 1551 830 1580 verum
860 1551 911 1580 ne
943 1538 1105 1580 coneris
1133 1537 1334 1591 quidem?
1374 1537 1508 1579 Nemo
1542 1542 1729 1580 nostrum

323 1690 355 1723 T
352 1691 466 1724 estivi.
494 1694 561 1724 vet.

321 1763 339 1801 ἓ
368 1762 411 1797 53
452 1759 644 1806 Eutych.
672 1759 704 1795 V
731 1769 765 1803 p.
784 1760 864 1803 471,
887 1759 966 1794 4K.
995 1758 1068 1794 Cic.
1095 1769 1161 1803 pro
1189 1757 1269 1792 Sex.
1298 1757 1453 1792 Roscio:
1482 1756 1729 1801 ,Exheredare

224 1814 336 1853 filium
364 1823 471 1863 pater
497 1818 712 1864 cogitabat.‘

320 1890 439 1924 Schol.
475 1890 536 1924 Gr.
590 1889 843 1933 Quisquam
877 1887 1104 1933 vocabat]
1153 1887 1195 1922 Id
1222 1890 1296 1928 est,
1323 1886 1370 1920 ad
1397 1895 1534 1921 cenam.
1585 1885 1728 1922 Severi-

224 1950 337 1983 tatem
365 1949 497 1984 iudicis
524 1949 599 1983 risu
625 1948 816 1986 relaxavit,
845 1947 1016 1991 quoniam
1044 1947 1105 1982 ille
1132 1947 1340 1981 obiecerat:
1369 1957 1448 1980 cum
1475 1945 1575 1980 nullo
1603 1946 1728 1981 convi-

224 2007 320 2041 vium
350 2008 440 2042 iniit.
493 2008 591 2042 Dicit
618 2008 768 2043 Cicero:
810 2007 898 2048 Quis
926 2017 1006 2041 eum
1034 2010 1204 2051 pasceret,
1218 2007 1269 2050 ὃ),
1298 2005 1360 2050 qui
1386 2010 1422 2040 et
1448 2005 1483 2039 in
1511 2014 1601 2049 agro
1630 2008 1729 2040 esset

224 2076 371 2110 semper
398 2070 434 2101 et
463 2076 648 2111 nunquam
677 2067 891 2101 invitantem
918 2066 1136 2100 invitaturus
1164 2068 1286 2100 esset?

320 2139 422 2179 §55
474 2137 649 2173 Nemini
683 2140 890 2172 vestrum
925 2141 1012 2179 est,
1048 2134 1251 2179 Eruci⁶)]
1309 2133 1424 2178 Apud
1450 2134 1624 2178 antiquos
1650 2133 1725 2169 elo-

225 2198 376 2240 quentia
423 2197 522 2231 nullo
571 2197 734 2240 praemio
773 2195 994 2230 laudabilior
1035 2193 1120 2237 fuit,
1171 2194 1201 2229 si
1243 2193 1390 2237 quidem
1430 2193 1547 2228 omnis
1586 2202 1645 2227 ars
1684 2203 1727 2228 ex

224 2256 342 2299 pretio
378 2254 483 2289 vilior
518 2252 685 2290 efficitur.
752 2255 850 2299 Ergo
886 2265 954 2289 nec
990 2257 1188 2288 accusator
1223 2263 1292 2287 nec
1319 2250 1494 2287 defensor
1519 2250 1729 2296 accipiebat

224 2314 429 2357 pecuniam.
481 2314 588 2349 Modo
614 2314 692 2349 vult
720 2314 918 2348 ostendere
944 2317 1087 2354 orator,
1127 2312 1213 2355 quia
1245 2311 1392 2354 accepit
1416 2310 1608 2354 pecuniam
1637 2311 1726 2345 Eru-

225 2374 314 2415 cius,
343 2377 381 2408 ut
408 2377 601 2408 accusaret
616 2373 800 2408 Roscium.
837 2372 927 2406 Nam
954 2371 1117 2407 ostendit
1144 2382 1224 2405 cum
1250 2381 1294 2406 eo
1321 2369 1530 2404 inimicitias
1557 2369 1678 2404 nullas
1697 2371 1727 2412 Ἰ)

223 2432 338 2467 fuisse
364 2432 514 2467 Roscio.
566 2432 663 2476 Ergo
690 2433 861 2474 reseas),
889 2434 928 2465 ut
954 2430 1023 2466 hoe
1052 2429 1360 2475 quadruplatione
1387 2428 1528 2463 fecerit.
1579 2429 1670 2463 Nam
1697 2427 1728 2462 si

320 2540 355 2579 5)
382 2539 560 2569 Vielleicht
589 2539 630 2569 ist
656 2540 706 2569 fiir
730 2543 896 2578 pasceret:
923 2542 1120 2577 posceret
1146 2547 1185 2567 zu
1210 2537 1299 2567 lesen
1326 2549 1368 2565 z
1392 2546 1511 2567 vocare
1533 2536 1576 2566 ad
1599 2545 1725 2566 cenam.

225 2605 266 2608 ——
310 2587 345 2626 6)
373 2588 417 2617 So
443 2588 474 2617 J.
503 2586 558 2618 Gr.
587 2588 662 2623 0123
689 2587 726 2616 B.
754 2587 841 2615 nach
867 2585 1000 2616 Cicero:
1028 2594 1125 2614 1101110
1151 2590 1311 2614 nostrum.
1342 2602 1383 2606 —
1429 2584 1463 2624 7)
1491 2583 1641 2613 nullas
1667 2583 1730 2612 hat

224 2635 261 2663 B.
289 2644 349 2664 aus
375 2634 442 2664 Cic.
471 2634 592 2672 richtig
617 2634 804 2671 ciiigcfiigt,
839 2633 876 2662 E.
904 2643 935 2672 p.
965 2636 1006 2662 20
1040 2642 1132 2661 non.
1162 2649 1203 2653 —
1256 2634 1290 2669 8)
1319 2632 1439 2669 Vulg.:
1468 2630 1596 2661 Socia
1622 2639 1727 2667 ergo

224 2691 288 2711 rcs
315 2686 399 2718 cst,
426 2686 487 2711 ut:
514 2691 548 2711 cs
574 2682 659 2711 frent
683 2681 784 2717 mich,
810 2681 887 2710 dass
912 2680 963 2709 ich
990 2679 1208 2717 unabhiingig
1233 2690 1298 2708 von
1314 2679 1351 2709 E,
1379 2680 1440 2709 auf
1463 2677 1514 2707 die
1532 2677 1628 2714 obigc
1643 2677 1726 2707 Ver-

225 2729 404 2766 besscrung
430 2728 630 2765 gelmmmcn
656 2728 729 2766 bin;
769 2737 831 2757 11111·
855 2727 929 2757 licst
962 2727 999 2756 E.
1029 2726 1188 2756 Erucio
1225 2727 1275 2755 fiir
1300 2726 1439 2763 Roscio,
1477 2725 1562 2754 «loch
1594 2725 1726 2754 iniichtc

224 2776 344 2805 Roscio
378 2776 452 2805 (lem
486 2776 711 2805 verdorbenen
745 2774 869 2805 socia
902 2767 1006 2804 niiher
1030 2774 1197 2803 kmumcn.
1260 2773 1438 2803 Viclleicht
1462 2772 1625 2802 schwebte
1651 2772 1726 2800 dem

226 2822 434 2853 Scholiastcn
462 2822 514 2851 ‹lie
541 2823 695 2853 'ahnliche
714 2822 816 2853 Stellc
843 2823 860 2861 ξ
881 2824 921 2851 87
950 2831 1028 2851 vor:
1055 2820 1308 2851 inimicitias
1334 2820 1393 2851 tibi
1418 2819 1517 2850 fuisse
1543 2828 1619 2849 cuni
1645 2818 1722 2848 Sex.

224 2869 344 2900 Roscio
372 2887 414 2891 —
442 2871 604 2901 concedas
627 2880 759 2901 necesse
786 2873 842 2900 cst.
894 2869 1043 2900 Restat
1069 2873 1113 2899 ut
1138 2873 1198 2899 etc.
1227 2885 1268 2889 —
