1820 3068
558 129 629 165 Pro
655 129 739 165 Sex.
766 129 900 164 Roscio
928 140 957 164 c.
986 131 1028 165 13
1057 133 1075 171 ἓ
1103 129 1253 166 34-37.
1598 128 1649 169 35

157 245 198 283 et
226 241 406 283 audacia
435 245 475 283 et
503 241 702 294 potentia.
759 239 952 280 Criminis
985 239 1272 280 confictionem
1302 241 1521 280 accusator
1550 238 1651 278 Eru-

157 307 244 349 cius
267 307 465 361 suscepit,
495 306 699 348 audaciae
721 310 860 360 partes
879 305 1018 346 Roscii
1044 306 1122 346 sibi
1144 305 1491 358 depoposcerunt,
1523 302 1652 356 Chry-

157 386 341 427 sogonus
371 378 523 424 autem,
553 373 589 415 is
620 372 687 426 qui
719 372 940 426 plurimum
972 376 1122 425 potest,
1153 370 1339 425 potentia
1367 374 1540 424 pugnat.
1590 369 1653 410 De

156 440 271 481 hisce
302 440 492 481 omnibus
523 439 646 480 rebus
677 452 742 480 me
773 438 911 479 dicere
942 442 1133 491 oportere
1165 436 1376 489 intellego.
1437 435 1546 485 Quid
1576 435 1652 489 igi·
1669 441 1702 465 3⁶

157 510 222 548 tur
253 506 346 548 est?
375 506 469 547 Non
502 505 648 547 eodem
677 504 802 546 modo
833 504 884 545 de
916 504 1120 555 omnihus,
1152 503 1248 544 ideo
1277 502 1387 556 quod
1418 502 1553 556 prima
1582 502 1656 543 illa

158 585 224 614 res
266 572 321 613 ad
359 585 496 613 meum
537 571 720 613 officium
761 571 960 625 pertinet,
1001 570 1107 611 duas
1146 574 1284 610 autem
1323 568 1504 621 reliquas
1535 567 1655 608 vobis

158 639 337 693 populus
367 639 579 680 Romanus
610 638 819 692 imposuit.
871 637 962 690 Ego
994 637 1149 677 crimen
1181 639 1345 689 oportet
1379 635 1548 685 diluam,
1581 647 1655 675 vos

159 710 199 748 et
230 705 434 747 audaciae
473 705 666 746 resistere
705 708 745 745 et
781 704 993 745 hominum
1025 703 1112 744 eius
1144 702 1255 744 modi
1286 701 1565 756 perniciosam
1597 704 1657 741 at-

158 784 237 825 que
259 771 564 813 intolerandam
590 771 819 825 potentiam
836 770 970 824 primo
991 783 1154 823 quoque
1179 773 1365 822 tempore
1391 767 1657 820 exstinguere

159 841 283 891 atque
314 838 549 892 opprimere
582 837 756 879 debetis.

271 907 488 950 Occidisse
523 912 685 962 patrem
723 907 820 949 Sex,
851 905 1026 947 Roscius
1065 904 1264 958 arguitur.
1324 903 1577 956 Scelestum,
1617 900 1706 943 di3⁷

258 1005 402 1040 Testz'm.
429 1008 496 1040 vet.

252 1063 586 1099 Fortunatian.
625 1073 659 1106 p.
687 1063 774 1105 114,
811 1061 851 1096 11
878 1061 921 1095 Η.
962 1060 1090 1096 Cicero
1123 1071 1190 1105 pro
1226 1059 1337 1095 Sexto
1371 1058 1532 1094 Roscio:
1574 1062 1660 1102 ,tres

160 1126 246 1158 sunt
271 1133 343 1166 res,
372 1123 418 1157 de
445 1121 578 1165 quibus
605 1131 662 1156 me
689 1121 812 1155 dicere
839 1119 998 1155 arbitror
1024 1124 1220 1163 oportere‘.
1270 1119 1502 1154 victorin.
1528 1129 1563 1162 p.
1580 1119 1660 1159 210,

160 1184 182 1218 4
199 1183 262 1217 H.:
290 1183 379 1217 Item
405 1191 473 1226 pro
500 1180 582 1215 Sex.
608 1180 757 1222 Roscio,
786 1190 865 1214 cum
893 1190 1003 1214 unum
1030 1179 1166 1213 crimen
1195 1178 1242 1213 sit
1268 1177 1455 1222 parricidii
1482 1187 1525 1212 ac
1550 1187 1660 1220 prop-

160 1245 263 1276 terea
288 1251 397 1274 unum
423 1240 623 1285 negotium,
649 1239 807 1283 partitur
834 1243 955 1273 tamen
973 1238 1115 1272 Tullius
1142 1248 1216 1271 non
1243 1246 1403 1279 causam,
1433 1236 1499 1270 sed
1526 1235 1660 1270 oratio-

161 1309 243 1335 nem
271 1299 470 1335 dividendo
504 1299 540 1332 in
573 1298 726 1341 crimen,
761 1298 954 1333 audaciam
988 1300 1025 1331 et
1057 1297 1279 1341 potentiam:
1321 1294 1493 1339 ,criminis
1526 1290 1661 1328 confic-

161 1359 297 1394 tionem
325 1363 523 1393 accusator
548 1357 703 1392 Erucius
729 1357 914 1400 suscepit,
943 1356 1124 1390 audaciae
1148 1359 1274 1399 partes
1300 1354 1427 1389 Roscii
1454 1352 1523 1388 sibi
1550 1352 1662 1397 depo—

161 1421 380 1462 poscerunt,
408 1417 672 1462 Chrysogonus
700 1419 820 1450 autem
846 1415 1014 1460 potentia
1040 1415 1204 1459 pugnat‘.

257 1481 276 1525 ἐξ
304 1478 359 1513 37.
408 1476 636 1511 Victorin.
663 1486 698 1519 p.
724 1477 811 1518 221,
839 1477 882 1511 25
911 1475 955 1509 H.
1006 1474 1046 1507 In
1072 1472 1142 1508 hoc
1169 1471 1214 1507 de
1239 1471 1330 1515 ipsis
1355 1470 1581 1513 nominibus,
1618 1469 1663 1505 de

162 1535 464 1585 pronuntiatione
489 1531 553 1570 fiet
579 1539 843 1579 argumentum,
872 1534 901 1569 si
929 1543 1009 1568 cum
1036 1531 1196 1577 quadam
1216 1530 1457 1565 admiratione
1476 1529 1660 1564 dicamus:

163 1595 359 1638 ,occidisse
387 1599 529 1638 patrem
556 1593 689 1629 Sextus
716 1593 872 1628 Roscius
899 1592 1054 1626 dicitur.‘
1083 1610 1124 1615 —
1156 1589 1382 1624 Priscian.
1409 1589 1442 1623 11
1469 1600 1503 1633 p.
1529 1589 1614 1630 568,
1642 1589 1663 1623 2

164 1655 290 1698 ‚Multa
316 1674 359 1679 —-
387 1663 433 1688 ex
459 1653 712 1688 huiuscemodi
740 1651 862 1688 verbis
889 1651 1124 1686 inveniuntur
1151 1648 1250 1692 apud
1278 1648 1554 1693 antiquissimos
1582 1656 1663 1690 par-

163 1714 291 1758 ticipia
316 1713 506 1757 praeteriti
532 1712 726 1757 temporis,
767 1715 841 1746 tani
876 1711 1034 1745 activam
1068 1718 1177 1753 quam
1210 1707 1396 1752 passivam
1424 1703 1663 1750 significatio<

163 1782 247 1807 nem
272 1771 468 1815 habentia,
506 1776 546 1806 ut
571 1771 770 1806 meditor
796 1769 953 1816 μελετῶ,
994 1768 1252 1803 meditatus
1281 1766 1298 1800 ὁ
1326 1765 1529 1812 μελετήσας
1557 1766 1618 1798 καὶ,
1644 1764 1662 1798 ὁ

162 1834 388 1878 μελετηθείς.
427 1851 467 1856 —-
509 1831 556 1865 Et
591 1831 643 1866 sic
679 1829 954 1874 amplector,
997 1827 1243 1871 amplexus
1278 1825 1295 1859 ὁ
1324 1825 1568 1867 περιπλακεὶς
1603 1824 1664 1856 καὶ

165 1891 182 1925 ὁ
218 1892 497 1935 περιπλεχθείς.
534 1910 578 1915 —-
617 1890 747 1925 Cicero
780 1898 846 1932 pro
878 1887 1052 1922 Roscio
1092 1895 1178 1930 ,quo
1212 1894 1283 1919 uno
1312 1881 1493 1917 maleficio
1521 1882 1664 1916 scelera

164 1951 286 1985 omnia
314 1950 535 1984 videntur
560 1949 789 1992 conplexa
816 1950 951 1989 esse‘3
979 1945 1058 1979 ib.I
1082 1955 1115 1988 p.
1132 1945 1210 1985 381,
1231 1945 1252 1978 7
1280 1952 1365 1986 ,quo
1385 1952 1457 1975 uno
1482 1938 1662 1975 maleficio

164 2010 307 2045 scelera
332 2008 455 2043 omnia
481 2007 665 2051 conplexa
691 2017 772 2042 esse
799 2005 1014 2041 videantur‘.
1032 2024 1074 2029 —
1098 2002 1291 2044 Quintil.
1311 2002 1343 2044 9,
1362 2003 1394 2043 2,
1413 2002 1476 2036 53:
1505 2000 1663 2042 ‚Interim

164 2068 235 2104 hoc
260 2068 344 2112 ipso
371 2063 481 2101 fidem
507 2065 733 2100 detrahimus
768 2065 837 2100 illis
869 2062 1145 2106 (criminibus),
1184 2059 1284 2104 quod
1316 2059 1388 2093 sint
1414 2064 1487 2093 tam
1513 2058 1662 2103 gravia:

165 2131 205 2163 ut
229 2138 296 2172 pro
323 2125 499 2161 Roscio
527 2124 674 2168 Cicero,
707 2135 787 2159 cum
821 2123 1085 2158 immanitatem
1121 2118 1324 2164 parricidii,
1362 2127 1572 2162 quanquam
1598 2126 1665 2160 per

165 2197 205 2222 se
230 2184 482 2227 manifestam,
522 2188 646 2219 tamen
679 2183 789 2217 etiam
816 2182 853 2217 vi
881 2180 1059 2217 orationis
1087 2182 1308 2224 exaggerat3
1347 2177 1419 2221 vgl.
1455 2176 1558 2212 hiezu
1592 2175 1664 2210 den

166 2245 289 2282 Schol.
317 2245 378 2280 Gr.
404 2254 448 2278 zu
474 2247 492 2285 ξ
521 2245 565 2280 37
590 2253 624 2277 u.
652 2243 709 2279 40.

260 2304 381 2339 Schol.
412 2302 476 2337 Gr.
514 2303 607 2346 Kap.
634 2301 722 2335 XIII
748 2304 766 2343 ξ
795 2302 838 2337 35
864 2300 979 2334 Tres
1005 2296 1130 2342 sunt]
1161 2295 1316 2331 Partitio
1342 2304 1488 2330 causae.
1524 2294 1563 2328 In
1590 2297 1664 2328 tres

165 2367 292 2408 partes
317 2361 511 2405 dividitur;
551 2361 668 2405 prima
700 2365 758 2394 est
784 2358 955 2394 defensio
981 2357 1129 2397 Roscii,
1162 2354 1327 2390 secunda
1353 2353 1541 2388 accusatio
1568 2352 1664 2387 Ros-

166 2423 325 2466 ciorum;
362 2421 472 2456 tertia
508 2420 556 2455 ad
592 2419 768 2454 invidiam
801 2417 1032 2463 Chrysogoni
1069 2416 1246 2461 pertinet,
1287 2423 1382 2458 quae
1417 2423 1463 2447 ex
1499 2412 1665 2456 potentia

165 2481 340 2516 nascitur.

263 2542 281 2581 §e
303 2541 347 2576 37
397 2537 650 2573 Occidisse
684 2537 873 2581 patrem]
924 2534 1077 2569 Extollit
1103 2531 1393 2577 magnitudinem
1419 2530 1598 2572 criminis,
1625 2532 1665 2564 ut

166 2596 261 2633 fides
287 2598 494 2642 derogetur.
553 2597 698 2639 Quanto
726 2596 820 2631 enim
847 2605 1015 2640 quaeque
1041 2593 1225 2638 magna1)
1257 2594 1359 2634 sunt,
1394 2593 1498 2624 tanto
1525 2589 1560 2623 in
1587 2597 1663 2622 cre-

265 2706 298 2745 1)
325 2704 461 2742 Quanto
487 2713 639 2744 quaeque
664 2713 822 2742 magna
849 2707 942 2740 sunt,
970 2706 1064 2732 tanto
1092 2716 1135 2722 —-
1163 2697 1402 2729 difficilia:
1442 2694 1521 2725 Dies
1548 2693 1588 2723 ist
1612 2692 1663 2722 die

168 2751 275 2790 einzig
299 2753 363 2782 inir
386 2751 551 2782 bekannte
578 2752 701 2789 Stelle7
736 2761 786 2781 wo
812 2750 846 2780 in
870 2749 1027 2780 beiden
1054 2747 1211 2779 Gliedern
1237 2747 1294 2775 der
1318 2742 1491 2774 Positiv
1525 2742 1575 2771 fiir
1600 2742 1664 2770 dcii

169 2799 387 2840 Comparativ
412 2799 615 2837 eingetreten
639 2799 692 2836 ist,
718 2798 785 2836 vgl.
812 2798 891 2827 iiber
916 2796 1005 2826 diese
1032 2793 1284 2831 Verschiebung
1308 2793 1365 2821 der
1390 2788 1663 2830 Coinparations-

168 2848 271 2886 grade
295 2846 446 2878 Wijlfflin
469 2847 527 2877 lat.
554 2846 623 2877 und
648 2855 732 2876 rom.
760 2845 917 2885 Compar.
946 2843 979 2875 S.
1009 2845 1049 2873 72
1076 2852 1107 2873 u.
1137 2844 1190 2872 81.

1322 2891 1387 2934 ΒΚ·
