1945 3073
660 88 802 131 Kapitel
829 86 893 121 XL
920 92 937 128 ξ
966 87 1045 122 1118.
1542 84 1623 127 343

88 203 300 255 eigentlich
330 217 406 240 von
437 203 516 239 ihm
548 202 670 239 selbst
701 201 800 250 sind,
832 215 862 238 s.
896 202 920 251 ἓ
939 202 992 239 20
1009 200 1074 237 fin.
1097 223 1148 227 —
1179 197 1296 252 etiam]
1331 199 1468 250 ,auch
1499 199 1627 237 noch

89 285 137 305 Ξ
168 269 292 307 110011
324 269 629 318 obendrein‘,
662 268 785 305 wofi'ir
816 268 853 303 in
886 267 954 305 der
985 266 1094 304 mehr
1125 266 1424 316 gewohnlichen
1455 265 1629 316 Sprache

89 337 299 386 insuper
348 335 443 373 oder
491 336 704 385 insuper
752 335 898 372 etiam
944 333 1065 380 steht,
1117 346 1158 369 so
1205 332 1336 368 Plaut.
1376 332 1496 369 Merc.
1536 334 1628 381 693,

91 400 238 440 Cornif.
271 401 327 439 IV
358 402 383 451 ξ
414 402 478 450 33,
508 401 593 439 Liv.
626 403 691 450 21,
725 403 758 448 1,
794 404 830 448 5,
862 414 890 439 s,
924 400 1057 437 Haase
1088 413 1135 436 zu
1165 398 1302 447 Reisig
1331 397 1439 437 Vorl.
1471 413 1509 448 p.
1533 400 1628 436 431.

91 467 228 504 Cicero
259 468 338 504 und
371 467 493 505 Casar
534 467 734 504 brauchen
772 467 842 503 das
874 466 1118 503 Adverbium
1159 466 1196 502 in
1237 464 1365 502 dieser
1394 464 1628 514 figiirlichen

91 534 327 584 Bedeutung
348 534 468 571 nicht.
490 557 541 561 —
572 535 683 574 terret
707 546 748 573 ac
774 530 941 586 minatur]
975 533 1063 569 Wie
1096 531 1158 568 die
1179 530 1435 568 Substantiva
1466 538 1630 568 terror

91 615 147 638 ac
176 602 358 649 minae,
391 600 609 637 verbinden
640 600 722 637 sich
750 600 851 637 auch
876 599 939 637 die
971 598 1102 636 Verba
1132 604 1332 635 terrere
1368 610 1422 633 ac
1452 597 1631 634 minari

91 680 235 717 gerne,
280 681 308 704 s.
342 682 373 706 z.
406 666 428 718 ξ
461 669 525 706 31.
557 690 608 694 —
652 664 817 718 minatur]
865 665 984 702 naml.
1016 665 1085 701 mit
1115 665 1262 702 seinem
1293 663 1488 714 Zeugnis,
1533 677 1564 699 s.
1598 677 1630 702 z,

93 734 117 783 ξ
152 735 242 771 101.
282 756 326 760 -
378 731 538 786 ornatus]
586 733 819 779 konzessiv3
867 746 954 768 zum
986 731 1198 768 Ausdruck
1228 730 1308 780 vgl.
1348 730 1372 779 ξ
1413 731 1436 767 8
1475 730 1541 766 fin.
1580 753 1630 758 —-

91 799 251 852 flagitiis]
284 799 693 847 ‚Schandthaten‘
724 798 880 836 bezieht
910 798 992 835 sich
1016 799 1087 834 auf
1113 797 1220 834 seine
1246 796 1520 847 schimpfliche
1551 796 1632 833 und

94 867 248 904 ehrlose
273 865 631 915 Handlungsweise
659 867 697 902 111
730 865 805 902 den
829 865 971 902 beiden
1003 864 1128 901 bonae
1155 862 1247 900 fidei
1277 864 1457 913 negotia3
1491 863 1632 900 male-

93 934 267 970 ficium
303 931 624 984 „Missethat“
658 932 729 968 auf
756 932 818 969 die
850 930 1103 980 Ermorduug
1134 929 1201 967 des
1233 930 1412 967 Roscius.

203 997 313 1039 Multa
343 1011 487 1039 avare.
520 996 669 1053 ,factaj
716 997 775 1037 Cf.
808 997 833 1048 ξ
867 999 945 1035 104
976 997 1127 1034 multa
1166 997 1440 1044 scelerate,
1480 995 1632 1033 multa
1662 1001 1686 1051 ξ
1722 1002 1809 1039 118,

94 1065 380 1114 audaciter,
426 1065 579 1102 multa
623 1064 846 1116 improbe
893 1065 1070 1102 fecisti
1118 1063 1198 1100 und
1242 1063 1356 1100 Verr.
1402 1070 1477 1100 act.
1516 1063 1631 1113 prim.

95 1132 120 1183 ξ
158 1135 208 1171 56
257 1132 420 1169 dicimus
461 1131 503 1168 C.
546 1132 730 1178 Verrem,
790 1145 874 1168 cum
924 1131 1076 1167 multa
1120 1129 1423 1179 libidinose,
1475 1128 1633 1166 multa

96 1199 384 1237 crudeliter
429 1199 466 1235 in
517 1199 621 1235 cives
658 1198 856 1235 Romanos
902 1204 1019 1247 atque
1063 1197 1210 1245 socios,
1263 1197 1419 1234 multa
1458 1197 1498 1232 in
1537 1195 1632 1234 deos

95 1266 353 1316 hominesque
396 1264 591 1301 nefarie
637 1265 844 1313 fecerit,
889 1270 969 1300 tum
1007 1269 1212 1314 praeterea
1245 1291 1253 1299 .
1288 1292 1296 1300 .
1328 1263 1550 1302 abstulisse.
1586 1285 1632 1290 —

95 1331 141 1372 ibi
173 1330 286 1372 scelus
317 1343 450 1385 quoque
475 1327 600 1384 latere]
644 1331 700 1368 Zu
730 1331 877 1368 diesem
902 1330 1086 1367 Schlusse
1115 1330 1194 1366 und
1228 1329 1315 1367 dem
1348 1328 1635 1378 umgekehrten

98 1413 162 1446 ‚ex
192 1399 266 1436 hoc
295 1399 434 1445 etiam,
474 1398 505 1434 si
537 1411 613 1448 quo
646 1397 694 1435 de
731 1397 886 1434 illorum
927 1397 1028 1434 torte
1067 1396 1330 1446 dubitabitur,
1369 1396 1637 1433 convincatur‘

98 1480 126 1505 s.
160 1465 242 1503 Cic.
283 1465 332 1503 de
372 1466 452 1501 inv.
486 1464 522 1500 ΙΙ
572 1464 597 1514 ξ
629 1466 679 1502 32
712 1464 750 1503 ff.
800 1478 888 1501 nam
929 1477 1047 1500 causa
1087 1464 1179 1500 facti
1218 1476 1355 1513 parum
1386 1461 1636 1500 firmitudinis

100 1532 283 1578 habebit,
326 1531 401 1567 11151
433 1531 584 1567 animus
616 1532 720 1575 eius,
767 1531 834 1581 qui
866 1530 1134 1579 insimulatur,
1177 1531 1215 1566 iu
1257 1543 1342 1566 eam
1374 1530 1635 1580 suspicionem

100 1598 329 1644 adducitur,
376 1605 416 1634 ut
447 1611 469 1634 a
500 1598 567 1634 tali
609 1597 725 1648 culpa
765 1610 843 1633 non
883 1596 1062 1633 videatur
1095 1596 1348 1634 abhorruisse
1379 1624 1387 1633 .
1419 1625 1427 1633 .
1461 1624 1470 1632 .
1503 1594 1636 1644 Quare

97 1666 217 1702 vitam
249 1665 331 1702 eius
362 1677 476 1714 quem
508 1665 639 1713 arguit
669 1678 717 1701 ex
748 1670 838 1700 ante
869 1663 981 1699 factis
1005 1672 1207 1700 accusator
1229 1662 1454 1713 improbare
1477 1662 1639 1700 debebit

99 1737 137 1769 et
167 1730 394 1774 ostendere,
441 1731 471 1766 si
503 1743 579 1780 quo
612 1731 651 1766 in
689 1730 773 1780 pari
813 1736 902 1766 ante
942 1735 1102 1779 peccato
1145 1731 1344 1766 convictus
1384 1730 1434 1766 sit
1465 1757 1472 1765 .
1506 1762 1513 1768 .
1547 1757 1556 1766 .
1596 1728 1638 1766 Si

99 1799 265 1835 avaritia
296 1798 496 1834 inductum
527 1809 672 1846 arguas
703 1796 842 1833 fecisse
883 1803 920 1833 et
956 1809 1116 1832 avarum
1156 1809 1265 1843 eum,
1311 1809 1427 1846 quem
1464 1808 1637 1847 accuses,

100 1865 368 1901 demonstrare
398 1876 475 1900 11011
506 1864 655 1913 possis,
701 1863 788 1900 aliis
820 1862 987 1900 adfinem
1019 1863 1123 1898 vitiis
1157 1875 1241 1899 esse
1271 1861 1413 1899 doceas
1444 1868 1483 1899 et
1513 1875 1562 1899 ex
1593 1874 1639 1899 ea

98 1945 140 1969 re
179 1944 255 1968 non
296 1943 381 1968 esse
419 1929 663 1975 mirandum,
710 1930 777 1981 qui
821 1930 860 1966 in
898 1929 967 1965 illa
1009 1942 1051 1966 re
1091 1928 1215 1978 turpis
1256 1935 1322 1965 aut
1367 1927 1532 1979 cupidus
1572 1934 1640 1965 aut

99 1997 281 2048 petulans
312 1997 442 2045 fuerit,
474 1996 564 2033 hac
593 2009 791 2047 quoque
822 1997 871 2032 in
899 2009 949 2033 re
980 2009 1067 2032 eum
1101 1995 1314 2046 deliquisse
1346 2024 1354 2032 .
1387 2026 1395 2034 .
1429 2023 1437 2032 .
1469 1994 1509 2032 Si
1540 1994 1639 2032 nulli

100 2064 241 2101 adfinis
272 2065 415 2114 poterit
446 2063 540 2100 vitio
566 2076 655 2100 reus
679 2069 770 2100 ante
794 2061 965 2099 admisso
996 2062 1269 2111 demonstrari,
1300 2061 1408 2098 locus
1430 2061 1638 2098 inducetur

100 2130 187 2180 ille,
219 2143 288 2180 per
318 2143 434 2181 quem
465 2129 649 2167 hortandi
679 2129 829 2166 iudices
860 2136 993 2177 erunt,
1026 2136 1065 2166 ut
1094 2136 1266 2167 veterem
1298 2129 1440 2165 famam
1471 2128 1639 2165 hominis

101 2196 199 2233 nihil
239 2196 288 2233 ad
336 2209 416 2233 rem
460 2202 598 2246 putent
636 2196 832 2246 pertinere
865 2228 871 2234 .
906 2224 914 2232 .
946 2209 1068 2246 quare
1105 2209 1183 2232 non
1216 2202 1397 2245 oportere
1428 2194 1529 2231 hanc
1557 2207 1638 2231 rem

102 2276 150 2300 ex
181 2263 384 2312 superiore
414 2262 496 2299 vita
526 2263 715 2312 spectari,
755 2262 822 2299 sed
855 2263 1164 2312 superiorem
1204 2262 1353 2298 vitam
1385 2274 1441 2298 ex
1472 2260 1561 2298 hac
1591 2275 1639 2298 re

100 2328 371 2379 improbari
405 2361 412 2367 .
445 2361 451 2368 .
485 2337 558 2366 etc.
592 2352 632 2355 -—
670 2326 841 2383 putatote]
876 2329 954 2379 vgl.
988 2329 1012 2379 ξ
1046 2330 1108 2366 18.
1133 2352 1183 2356 —
1214 2325 1366 2381 tametsi]
1401 2327 1535 2365 Ueber
1567 2327 1637 2364 das

102 2395 436 2444 restringierende
467 2397 669 2433 tametsi
702 2409 730 2434 s.
764 2409 797 2435 z,
832 2396 856 2445 ξ
885 2397 948 2434 83.
983 2418 1032 2423 —-
1076 2394 1142 2434 1100
1169 2392 1324 2448 quidem]
1368 2393 1539 2430 na'mlich
1570 2393 1639 2430 das

98 2461 359 2511 ›vorliegende
390 2461 516 2499 scelus
549 2461 616 2498 des
649 2461 821 2499 Mordes.
852 2485 905 2490 ——
957 2460 1068 2515 quod]
1113 2460 1356 2508 adversativ,
1400 2459 1641 2512 „welches

103 2530 162 2565 im
203 2527 484 2577 Gegenteil
533 2542 582 2565 so
637 2528 857 2578 zuTage
900 2528 1030 2578 liegt
1074 2527 1176 2564 und
1220 2541 1308 2564 vor
1338 2525 1555 2576 Augen‘st
1592 2547 1639 2552 —-

102 2596 295 2648 promptum
324 2595 359 2634 et
387 2592 620 2647 propositum]
667 2595 787 2632 Diese
826 2594 1135 2632 allitterierende
1165 2593 1323 2631 Formel
1354 2593 1506 2630 scheint
1535 2591 1643 2628 nicht

104 2662 236 2699 weiter
266 2661 587 2711 vorzukommen,
619 2661 670 2698 da
699 2663 755 2699 sie
784 2660 849 2698 bei
876 2661 1053 2697 Wolfflin
1085 2661 1197 2699 allitt.
1232 2659 1351 2697 Verb.
1382 2673 1420 2709 p.
1454 2660 1503 2697 78
1534 2657 1642 2694 nicht

105 2727 334 2777 aufgef'uhrt
371 2728 431 2767 ist.
481 2741 519 2778 p.
551 2726 709 2767 Caecin.
744 2727 769 2777 ξ
800 2728 850 2766 78
889 2734 978 2777 sagt
1015 2726 1151 2764 Cicero
1191 2726 1307 2763 fidem
1347 2738 1455 2761 suam
1495 2723 1641 2775 populo

107 2794 284 2832 Romano
338 2800 608 2845 promptam
668 2795 1054 2845 expositamque
1114 2791 1352 2843 praebuerit.
1426 2789 1642 2842 [Dagegen

106 2861 208 2899 steht
238 2860 302 2899 die
339 2860 403 2897 bei
434 2860 612 2897 W'olfflin
641 2860 667 2897 l.
700 2860 726 2897 l.
766 2874 839 2897 nur
869 2860 937 2897 mit
968 2858 1050 2897 Cic.
1083 2858 1159 2897 Off.
1191 2860 1226 2908 2,
1260 2861 1308 2897 17
1353 2857 1511 2907 belegte
1544 2857 1641 2895 Ver-

141 2926 349 2957 Landgraf,
376 2926 435 2953 Cic.
455 2926 535 2951 Rode
555 2926 574 2951 f.
598 2926 666 2952 Sex.
690 2927 774 2951 Rosc.
815 2926 849 2949 Π.
871 2924 978 2950 Htilfte.
1370 2926 1420 2962 23
