1945 3073
83 1846 107 1893 Us-

135 1842 196 1880 15.

236 138 309 181 15ss
806 141 953 186 Kapitel
978 142 1028 177 VI
1055 145 1074 184 ξ
1106 145 1157 179 15.

228 251 317 307 sitis]
350 255 492 292 Dicser
516 255 758 306 Uebcrgang
784 270 852 293 zur
882 257 1053 294 narratio
1084 256 1200 295 kehrt
1230 258 1306 296 fast
1335 260 1404 296 mit
1434 259 1510 297 den
1534 260 1755 298 namlichen

228 321 391 359 lVorten
422 322 460 358 in
492 321 665 359 anderen
694 322 832 360 Reden
863 322 1026 370 wieder,
1057 323 1135 373 vgl.
1167 338 1205 375 p.
1239 325 1398 375 Quinct.
1430 327 1454 376 ξ
1487 328 1533 364 11
1574 326 1628 377 ‚id
1660 340 1755 378 quo

229 387 439 425 facilius
477 388 648 426 facere
685 390 914 440 possitis,
962 389 1086 427 dabo
1126 404 1322 441 operam
1361 399 1408 430 ut
1445 406 1468 430 a
1497 394 1754 444 principio

227 467 304 491 res
336 469 476 506 quem
505 454 566 492 ad
596 455 784 492 modum
826 464 965 505 gesta
1010 464 1054 494 et
1091 464 1353 495 contracta
1384 460 1447 496 sit
1477 473 1754 510 cognosca-

226 521 320 558 tis‘.
379 521 468 558 Wie
499 522 605 559 diese
636 521 778 559 beiden
809 522 1073 573 Ucbergange
1104 524 1185 561 sich
1215 525 1304 562 sehr
1334 525 1491 563 {zhnlieh
1529 526 1669 577 seben,
1714 540 1756 564 so

227 586 437 624 wiederum
483 587 546 625 die
585 589 723 625 zweier
761 588 927 626 andercr
958 589 1114 640 Redeu,
1159 604 1197 641 p.
1229 591 1311 631 Mil.
1343 592 1368 642 ξ
1399 594 1450 630 23
1491 592 1631 644 ,quod
1662 606 1754 644 quo

227 652 438 690 facilius
485 656 783 706 perspicere
835 656 1046 706 possitis
1094 658 1354 707 argumentis,
1413 672 1510 696 rem
1562 665 1755 709 gestam

226 719 339 757 vobis
370 719 460 757 dum
494 721 718 759 breviter
756 735 972 772 expono,
1017 736 1184 773 quaeso,
1236 724 1445 774 diligenter
1485 726 1756 764 attendite‘

227 786 306 822 und
336 801 374 837 p.
405 787 512 824 Tull.
546 787 570 838 ξ
604 789 653 826 13
697 801 814 836 ‚nuuc
843 802 939 825 rem
971 788 1125 839 ipsam
1165 796 1214 826 ut
1246 798 1387 840 gesta
1419 792 1487 829 sit
1517 791 1621 828 dum
1654 792 1755 830 bre-

225 854 356 890 viter
400 853 545 891 vobis
577 853 861 892 demonstro
909 855 1190 893 attendite‘.
1250 857 1306 894 Zu
1353 857 1422 895 der
1457 859 1617 897 weitern
1654 859 1755 897 Aus-

227 919 400 970 f'uhrung
431 919 499 958 des
520 920 784 972 Uebergangs
815 922 852 958 in
878 935 1037 959 unserer
1056 922 1166 960 Rede
1197 937 1302 974 ,quo
1335 924 1543 963 facilius
1575 932 1613 963 et
1640 925 1756 964 huius

226 987 393 1024 hominis
424 989 838 1025 innocentissimi
878 989 1055 1026 miserias
1087 996 1124 1026 et
1155 989 1311 1027 illorum
1352 991 1615 1030 audaciam
1647 1006 1754 1044 cog-

225 1067 438 1092 noscere
468 1055 681 1105 possitis
713 1062 756 1093 et
785 1055 840 1092 rei
863 1055 1045 1106 publicae
1067 1056 1341 1094 calamitatem‘
1371 1057 1449 1108 vgl.
1477 1073 1513 1109 p.
1533 1058 1669 1097 Scaur.
1688 1059 1713 1110 ξ
1732 1063 1755 1099 7

224 1136 331 1173 ‚quo
363 1122 576 1159 facilius
607 1121 646 1158 hi
677 1152 686 1161 .
719 1151 727 1160 .
760 1128 797 1159 et
815 1121 953 1159 Scauri
985 1123 1327 1161 innocentiam
1359 1132 1395 1162 et
1420 1126 1577 1162 testium
1601 1132 1754 1163 tuorum

225 1188 488 1226 audaciam
535 1201 839 1238 cognoscere
880 1190 1077 1240 possint
1126 1197 1171 1227 et
1209 1203 1342 1227 eorum
1383 1204 1484 1242 quae
1523 1192 1628 1230 facta
1667 1199 1757 1230 sunt

224 1255 525 1305 indignitatem‘.
583 1255 1017 1294 Richter-Fleckeisen
1068 1255 1198 1294 haben
1247 1256 1322 1294 den
1373 1257 1518 1296 letzten
1559 1258 1652 1297 Satz
1697 1259 1755 1297 als

222 1321 365 1372 lastige
394 1322 710 1372 YViederholung
741 1322 808 1359 des
840 1323 1003 1373 vorigcn
1035 1321 1277 1360 Gedankens
1309 1324 1655 1376 eingeklammert3
1687 1326 1758 1363 mit

224 1388 412 1439 Unrecht,
444 1402 472 1428 s.
502 1389 664 1439 Madvig
695 1403 742 1425 zu
774 1388 823 1426 de
854 1390 919 1427 fin.
950 1404 987 1440 p.
1014 1389 1064 1427 10
1095 1389 1209 1438 ,Sunt
1239 1390 1340 1428 aliae
1371 1399 1563 1441 cognatae
1593 1392 1756 1442 formae,

226 1456 265 1493 in
296 1456 439 1507 quibus
468 1462 557 1507 post
586 1457 874 1506 primariam
914 1456 1213 1494 sententiam
1252 1457 1552 1496 distinctius
1582 1459 1755 1510 explica-

225 1529 298 1571 tur,
330 1522 435 1574 quod
467 1529 558 1561 ante
588 1523 812 1573 generatius
843 1530 880 1560 et
910 1523 1068 1562 brevius
1101 1522 1246 1560 dictum
1278 1531 1356 1572 est,
1386 1525 1494 1563 velut
1522 1527 1562 1562 in
1593 1526 1755 1564 consilio

225 1589 510 1640 significando‘,
540 1603 651 1627 wozu
684 1603 724 1627 er
755 1602 895 1627 unsere
928 1589 1051 1627 Stelle
1081 1589 1253 1627 anf'uhrt.

832 1678 1043 1729 Kapitel
1075 1679 1144 1716 VI.

747 1760 943 1809 NarratiO,
975 1770 1063 1813 cap.
1094 1760 1234 1802 νΙ-Χ.

330 1839 420 1876 Wie
466 1838 529 1876 die
566 1838 832 1889 Ueberg‘ctnge
873 1854 942 1877 zur
973 1840 1219 1877 Narratio
1261 1840 1300 1877 in
1339 1839 1415 1878 (len
1453 1839 1756 1878 Ciceronischen

218 1905 357 1944 Reden
388 1905 575 1943 einander
605 1906 694 1943 sehr
725 1906 882 1944 {ihnlich
906 1906 1006 1957 sind,
1037 1921 1078 1943 so
1105 1906 1203 1943 auch
1235 1906 1299 1944 (lie
1318 1906 1601 1957 Einleitungen
1628 1906 1757 1944 dieser

219 1972 355 2010 selbst.
402 1971 532 2009 Schon
564 1971 632 2010 der
653 1972 804 2009 Rhetor
831 1972 1028 2023 Sulpicius
1059 1973 1194 2011 Victor
1226 1971 1275 2026 (s,
1307 1972 1376 2010 das
1414 1973 1678 2011 testimonium
1708 1987 1757 2011 zu

220 2039 367 2077 diesem
398 2038 441 2090 ξ)
474 2039 604 2077 macht
635 2039 697 2076 die
719 2039 983 2090 Bemerkung,
1016 2040 1105 2077 dass
1128 2038 1208 2077 Cic.
1241 2040 1303 2077 die
1322 2039 1579 2077 Narrationes
1609 2040 1650 2077 in
1679 2039 1756 2078 den

219 2105 355 2143 Reden
386 2107 453 2142 mit
484 2105 570 2143 dem
591 2106 818 2143 Nominativ
850 2105 918 2144 der
936 2106 1084 2144 Person
1115 2106 1298 2156 beginne.
1349 2106 1449 2144 Dem
1470 2106 1655 2156 Eingang
1687 2106 1756 2145 der

220 2172 402 2209 Narratio
419 2172 701 2210 unsererRede
718 2174 766 2210 ist
782 2186 843 2210 am
857 2173 1102 2210 almlichsten
1117 2173 1184 2210 der
1197 2172 1265 2210 der
1279 2173 1461 2210 Narratio
1481 2173 1519 2209 in
1533 2172 1601 2211 der
1613 2172 1754 2211 Cluen-

219 2240 326 2276 tiana
354 2238 460 2290 (cap.
486 2238 554 2289 V),
585 2239 731 2277 welche
761 2241 828 2277 wir
846 2239 930 2276 hier
955 2239 1143 2277 einander
1173 2239 1401 2290 gegen'uber
1429 2238 1569 2277 stellen
1600 2239 1754 2277 wollen.

220 2308 310 2346 Sex.
342 2309 528 2357 Roscius,
573 2324 596 2360 p
609 2323 631 2346 a
643 2316 657 2346 t
668 2323 687 2347 e
699 2324 717 2346 r
747 2310 772 2347 h
783 2323 807 2347 u
819 2311 831 2346 i
843 2324 866 2346 u
878 2323 893 2347 s
907 2323 925 2347 c
937 2324 971 2359 e,
1003 2310 1050 2349 A.
1071 2308 1276 2347 Cluentius
1297 2309 1468 2347 Habitus
1500 2310 1584 2357 fuit,
1614 2324 1638 2360 p
1651 2315 1698 2346 at
1708 2324 1754 2347 er

274 2377 476 2426 municeps
506 2376 716 2413 Amerinus
754 2376 846 2426 fuit,
886 2390 971 2413 cum
1057 2376 1291 2427 huiusce,
1323 2376 1483 2422 iudices,
1514 2375 1628 2413 homo
1658 2390 1755 2414 non

275 2454 419 2491 genere
459 2449 496 2479 et
537 2441 743 2480 nobilitate
781 2449 818 2481 et
855 2457 966 2494 pecu-
1057 2443 1212 2480 solum
1251 2443 1512 2493 municipii
1543 2442 1753 2494 Larinatis,

274 2509 340 2545 nia
384 2522 481 2546 non
525 2508 664 2546 modo
711 2510 784 2546 sui
823 2510 995 2558 muni-g
1057 2523 1104 2547 ex
1135 2523 1212 2561 quo
1252 2516 1352 2557 erat,
1392 2509 1656 2546 sedetiam
1694 2523 1752 2547 rc-

992 2560 994 2578 l

275 2575 415 2625 eipii,
461 2589 629 2613 verum
669 2576 817 2612 etiam
866 2576 995 2619 eius}
1056 2577 1184 2626 gionis
1210 2573 1358 2613 illius
1387 2582 1431 2612 et
1455 2576 1754 2614 vicinitatis

274 2641 561 2678 vicinitatis
589 2642 745 2679 facile
774 2642 971 2692 primus,
1056 2644 1212 2691 virtute,
1232 2643 1531 2692 existimatione,
1548 2642 1752 2681 nobilitate

274 2714 354 2744 tum
384 2709 511 2756 gratia
549 2714 666 2759 atque
696 2708 875 2758 hospitiis
905 2709 970 2746 fio·
1056 2708 1209 2746 facile
1240 2710 1486 2760 princeps,

273 2787 361 2811 rens
392 2774 592 2812 hominum
626 2775 970 2814 nobilissimorum.

328 2850 525 2902 Nobililatel
579 2853 660 2890 Der
690 2853 900 2904 Ursprung
931 2853 998 2891 der
1036 2852 1289 2890 nobilitas
1336 2852 1373 2889 d.
1415 2852 1452 2889 h.
1492 2852 1560 2890 des
1599 2853 1751 2890 Amts-

219 2917 298 2956 und
334 2918 755 2957 Verdienstadels
802 2911 887 2971 (im'
912 2918 1135 2969 Gegensatz
1177 2932 1264 2956 zum
1296 2916 1645 2956 Geburtsadel
1683 2918 1752 2956 der
