1820 3068
526 131 596 166 Pro
622 130 705 166 Sex.
731 130 866 165 Roscio
895 141 923 165 c.
951 131 996 165 42
1023 133 1042 172 ξ
1072 130 1268 165 120—123.
1594 128 1645 168 Tl

150 245 208 286 ita
238 244 333 297 sint,
367 255 522 296 quaero
553 241 628 282 abs
659 245 711 291 te,
738 253 863 293 quam
895 241 946 282 ob
979 253 1149 282 causam
1179 238 1400 281 recusaris.
1446 237 1547 278 Cum
1581 251 1645 277 oc-

151 310 300 352 ciditur
330 310 426 352 Sex.
457 308 644 359 Roscius,
676 307 831 348 ibidem
862 307 1040 348 fuerunt.
1099 307 1253 348 Servos
1286 305 1422 359 ipsos,
1453 303 1563 356 quod
1594 302 1648 343 ad

150 391 215 418 me
246 376 410 426 attinet,
446 388 579 428 neque
611 387 742 427 arguo
775 386 908 426 neque
940 386 1097 427 purgo3
1141 372 1251 426 quod
1283 385 1307 412 a
1338 370 1457 412 vobis
1489 382 1648 423 oppug-

150 443 238 485 nari
271 443 405 495 video,
436 454 487 482 ne
518 442 557 482 in
588 441 874 494 quaestionem
906 440 1066 491 dentur,
1099 439 1376 493 suspiciosum
1410 441 1491 487 est3
1538 435 1648 488 quod

151 524 250 552 vero
282 509 393 563 apud
425 521 499 549 vos
530 508 644 561 ipsos
675 508 715 547 in
748 507 904 547 honore
945 510 1060 547 tanto
1101 510 1216 556 sunt,
1257 504 1445 558 profecto
1476 516 1648 544 necesse

149 581 212 618 est
241 576 374 617 sciant
405 574 586 627 aliquid,
636 574 745 627 quod
776 573 810 614 si
842 573 1043 625 dixerint,
1089 571 1369 626 perniciosum
1422 569 1540 611 vobis
1589 568 1648 609 fu-

149 648 283 685 turum
315 642 379 683 sit.
411 666 463 671 ——
520 642 566 682 In
598 640 788 682 dominos
820 639 964 693 quaeri
1003 639 1054 681 de
1094 639 1225 680 servis
1265 638 1450 690 iniquum
1492 640 1565 677 est.
1597 660 1649 664 —

152 711 205 750 At
241 721 387 762 neque
431 708 478 748 in
522 721 611 749 vos
656 707 886 761 quaeritur:
932 707 1028 748 Sex.
1074 706 1182 747 enim
1214 705 1388 746 Roscius
1430 716 1523 744 reus
1568 706 1649 753 est3

152 789 285 829 neque
330 775 381 815 in
426 774 700 825 dominum,
747 766 827 814 ⁷vos
878 772 986 814 enim
1039 772 1229 814 dominos
1278 784 1370 812 esse
1418 769 1567 810 dicitis.
1602 794 1649 798 —

152 842 253 883 Cum
285 841 561 894 Chrysogono
606 845 712 881 sunt.
745 865 794 869 —
854 840 917 880 Ita
950 840 1093 890 credo,
1145 837 1295 880 litteris
1339 850 1478 878 eorum
1519 840 1557 877 et
1588 849 1649 877 ur-

150 909 337 950 banitate
385 907 685 961 Chrysogonus
731 906 914 959 ducitur,
972 911 1014 947 ut
1059 906 1165 946 inter
1208 918 1307 946 suos
1354 903 1535 944 omnium
1583 901 1651 942 de-

151 975 340 1016 liciarum
372 978 495 1026 atque
527 973 708 1014 omnium
739 973 887 1013 artium
920 973 1114 1026 puerulos
1146 985 1197 1013 ex
1236 975 1295 1012 tot
1328 968 1652 1023 elegantissimis

152 1040 323 1082 familiis
354 1041 484 1081 lectos
516 1039 615 1080 velit
646 1040 722 1080 hos
753 1039 924 1091 versari,
955 1039 1146 1080 homines
1177 1050 1310 1092 paene
1343 1035 1572 1091 operarios,
1603 1048 1652 1075 ex

152 1106 350 1148 Amerina
382 1106 606 1160 disciplina
636 1105 767 1160 patris
804 1105 988 1146 familiae
1022 1104 1234 1146 rusticani.
1276 1103 1369 1144 Non
1392 1104 1450 1144 ita
1475 1106 1537 1143 est
1558 1114 1651 1156 pro·
1670 1104 1719 1127 121

154 1174 276 1225 fecto,
307 1172 484 1224 iudices,
516 1186 597 1214 non
630 1176 691 1214 est
722 1172 808 1213 veri
833 1172 981 1225 simile,
1014 1177 1056 1213 ut
1081 1172 1381 1225 Chrysogonus
1413 1170 1558 1210 horum
1589 1167 1652 1208 lit-

152 1245 263 1282 teras
293 1239 500 1281 adamarit
531 1243 601 1280 aut
629 1239 942 1290 humanitatem,
973 1251 1055 1279 non
1087 1243 1130 1279 ut
1160 1237 1220 1279 rei
1245 1237 1464 1278 familiaris
1486 1234 1654 1288 negotio

153 1306 414 1360 diligentiam
447 1305 636 1359 cognorit
667 1319 807 1347 eorum
840 1310 878 1346 et
908 1305 1046 1346 fidem.
1097 1305 1171 1345 Est
1202 1303 1414 1357 quiddam,
1446 1301 1556 1355 quod
1588 1314 1653 1341 oc-

154 1373 354 1425 cultatur,
398 1373 521 1425 quod,
553 1386 633 1426 quo
665 1372 893 1413 studiosius
924 1372 977 1413 ab
1009 1371 1098 1412 istis
1130 1370 1375 1425 opprimitur
1407 1373 1446 1409 et
1477 1368 1654 1408 abscon-

154 1439 276 1492 ditur,
309 1452 357 1481 eo
388 1439 524 1492 magis
557 1439 707 1480 eminet
728 1443 767 1479 et
787 1443 976 1492 apparet.
1035 1438 1166 1479 XLII.
1200 1437 1307 1487 Quid
1330 1436 1486 1490 igitur?
1525 1434 1722 1488 Chry-122

154 1519 339 1560 sogonus
385 1506 501 1546 suine
541 1505 734 1547 maleficii
767 1505 1002 1546 occultandi
1042 1518 1170 1546 eausa
1201 1503 1488 1557 quaestionem
1522 1501 1572 1542 de
1605 1501 1655 1541 iis

154 1572 298 1614 haberi
330 1585 412 1614 non
443 1572 559 1613 vult?
619 1572 808 1625 Minime,
855 1572 1034 1623 iudices;
1083 1585 1163 1613 non
1207 1571 1248 1611 in
1288 1583 1431 1611 omnes
1477 1568 1656 1609 arbitror

155 1639 293 1681 omnia
325 1639 559 1680 convenire.
618 1639 709 1692 Ego
741 1638 779 1679 in
805 1639 1103 1691 Chrysogono,
1150 1637 1261 1690 quod
1306 1637 1358 1677 ad
1401 1649 1466 1676 me
1497 1634 1654 1686 attinet,

153 1706 255 1747 nihil
296 1705 383 1747 eius
421 1705 532 1746 modi
572 1705 781 1759 suspicor,
829 1718 964 1758 neque
1005 1705 1083 1746 hoc
1127 1704 1227 1745 mihi
1268 1716 1376 1744 nuuc
1406 1703 1583 1756 primum
1614 1701 1655 1741 in

153 1776 332 1814 mentem
377 1772 489 1813 venit
536 1771 686 1813 dicere.
747 1771 994 1813 Meministis
1036 1785 1100 1813 me
1144 1771 1202 1812 ita
1246 1769 1507 1811 distribuisse
1538 1767 1655 1808 initio

155 1852 346 1881 causam:
377 1839 418 1879 in
451 1838 625 1890 crimen,
666 1837 782 1879 cuius
813 1842 900 1879 tota
931 1838 1237 1891 argumentatio
1269 1836 1474 1891 permissa
1504 1835 1655 1876 Erucio

153 1910 237 1956 est,
285 1909 324 1946 et
368 1903 408 1945 in
455 1904 694 1954 audaciam,
744 1905 858 1946 cuius
904 1909 1044 1958 partes
1075 1904 1237 1946 Rosciis
1283 1903 1504 1957 impositae
1548 1905 1654 1942 sunt.

155 1971 365 2024 Quidquid
386 1970 593 2015 maleficii.
626 1971 810 2022 sceleris,
843 1971 986 2012 caedis
1008 1972 1096 2022 erit,
1118 1970 1329 2024 proprium
1352 1969 1392 2010 id
1412 1968 1655 2009 Rosciorum

155 2051 247 2080 csse
279 2037 459 2078 debebit.
518 2036 701 2077 Nimiam
741 2038 919 2090 gratiam
958 2037 1267 2091 potentiamque
1299 2034 1565 2088 Chrysogoni
1596 2033 1653 2073 di-

156 2104 285 2145 cimus
333 2108 371 2144 et
417 2103 538 2144 nobis
577 2103 743 2144 obstare
789 2109 829 2145 et
869 2104 1041 2158 perferri
1080 2103 1192 2143 nullo
1232 2101 1355 2142 modo
1396 2114 1520 2155 posse
1562 2104 1600 2140 et
1632 2112 1655 2140 a

154 2170 288 2222 vobis,
319 2169 514 2222 quoniam
546 2174 734 2222 potestas
765 2171 863 2211 data
896 2178 969 2213 est,
1002 2183 1083 2210 non
1116 2169 1238 2210 modo
1269 2168 1482 2216 infirmari,
1514 2179 1654 2208 verum

156 2237 281 2278 etiam
312 2235 514 2277 vindicari
547 2241 751 2290 oportere.
813 2237 904 2290 Ego
937 2237 995 2278 sic
1028 2236 1241 2287 existimo,
1281 2235 1349 2288 qui
1381 2233 1524 2287 quaeri
1556 2232 1655 2274 velit
1672 2242 1722 2266 12³3

254 2375 396 2410 Testim.
422 2379 488 2410 vet.

253 2433 372 2468 Schol.
403 2433 468 2468 Gr.

252 2492 333 2526 XLI
368 2495 386 2533 ξ
415 2494 482 2528 120
517 2493 622 2528 Cum
658 2493 968 2538 Chrysogono
1005 2493 1122 2536 sunt]
1167 2492 1297 2526 Ironia.
1362 2490 1536 2525 Rusticos
1564 2489 1657 2524 enim

156 2552 235 2587 vult
259 2548 486 2596 significare,
513 2557 552 2586 ut
577 2552 751 2587 ostendat
766 2552 939 2587 Roscium
965 2561 1111 2594 semper
1136 2551 1208 2584 ruri
1236 2549 1418 2591 deditum,
1447 2554 1483 2583 et
1499 2547 1656 2592 Chryso-

156 2621 292 2655 gonum
320 2609 388 2644 hos
415 2620 544 2645 servos
571 2621 644 2645 non
670 2615 743 2645 tam
770 2611 994 2656 elegantial)
1026 2621 1150 2645 eorum
1177 2609 1276 2654 apud
1303 2619 1343 2643 so
1372 2607 1518 2649 habere,
1548 2616 1655 2650 quam

156 2673 309 2713 propter
335 2667 423 2702 facti
449 2670 722 2704 conscientiam.

251 2727 498 2771 Kap.XL1[§
517 2731 593 2764 123.
622 2729 715 2773 Ego
742 2729 809 2764 sic
837 2728 1070 2771 existimo,
1100 2727 1176 2771 qui
1204 2725 1360 2771 quaeri
1380 2725 1541 2767 vellet]
1567 2723 1653 2757 Sen-

257 2846 288 2886 1)
317 2845 411 2876 Sch.:
440 2852 617 2887 propter
644 2847 919 2886 elegantiam.
