1820 3068
213 86 267 131 (32
616 86 687 123 Pro
714 87 796 123 Sex.
823 86 959 124 Roscio
986 99 1017 124 c.
1044 88 1088 124 34
1116 91 1134 130 ξ
1163 86 1313 125 94-96,

214 199 360 241 eadem
392 199 574 251 ratione,
605 212 687 252 qua
717 200 813 240 Sex.
846 198 1018 239 Roscius
1051 198 1212 239 occisus
1243 202 1326 251 est,
1359 212 1526 252 vereor,
1572 213 1624 241 ne
1655 200 1709 241 ad

213 267 353 319 plures
386 264 518 305 oratio
549 277 643 305 mea
673 265 879 318 pertinere
910 263 1112 306 videatur.

165 336 199 361 95
322 330 520 371 XXXIV.
561 331 787 371 Videamus
820 343 928 371 nunc
956 330 1143 382 strictim,
1174 330 1279 371 sicut
1302 335 1451 383 cetera,
1486 344 1591 384 quae
1615 336 1710 384 post

214 402 385 438 mortem
419 397 516 437 Sex.
547 397 686 437 Roscii
726 396 801 437 abs
841 400 901 446 te,
947 396 993 436 T.
1024 396 1168 444 Rosci,
1202 396 1314 437 facta
1352 401 1468 449 sunt,
1515 410 1621 449 quae
1651 397 1710 438 ita

213 468 359 516 aperta
391 467 431 503 et
460 462 683 503 manifesta
713 467 831 514 sunt,
876 466 919 502 ut
948 474 1013 502 me
1045 462 1137 503 dius
1168 462 1313 513 fidius,
1348 463 1525 513 iudices,
1555 463 1708 503 invitus

211 541 263 570 ea
297 528 446 569 dicam.
490 528 644 568 Vereor
674 528 795 580 enim,
828 528 1076 569 cuicuimodi
1107 541 1164 581 eS,
1195 529 1241 570 T.
1263 530 1399 581 Rosci,
1430 542 1480 569 ne
1512 529 1570 569 ita
1601 529 1710 569 hunc

210 593 356 635 videar
386 593 566 635 voluisse
598 607 780 646 servare,
813 598 855 634 ut
885 594 959 634 tibi
990 594 1157 635 omnino
1189 608 1269 636 non
1303 595 1574 649 pepercerim.
1607 594 1708 635 Cum

210 659 290 700 hoc
318 672 465 700 vereor
510 664 549 700 et
593 659 714 713 cupio
753 660 828 701 tibi
866 661 1008 713 aliqua
1038 674 1089 701 ex
1127 666 1269 713 parte,
1318 661 1429 714 quod
1476 661 1597 702 salva
1626 660 1708 701 fide

209 725 381 779 possim,
412 738 598 778 parcere,
630 739 771 766 rursus
801 727 972 767 immuto
995 727 1251 768 voluntatem
1274 740 1430 778 meam3
1462 727 1575 768 venit
1597 727 1706 767 enim

208 791 309 832 mihi
341 791 381 831 in
412 795 591 832 mentem
625 792 709 833 oris
739 792 809 834 tui.
854 793 981 844 Tene,
1014 805 1106 833 cum
1137 793 1262 834 ceteri
1294 793 1396 834 socii
1427 793 1485 834 tui
1517 793 1710 846 fugerent

209 871 259 899 ac
288 870 332 899 se
363 858 639 908 occultarent,
687 863 730 898 ut
760 858 839 899 hoc
884 858 1081 899 iudicium
1129 872 1210 900 non
1249 859 1301 900 de
1342 860 1505 901 illorum
1536 859 1709 913 praeda,

209 923 284 964 sed
314 923 364 964 de
396 923 516 964 huius
547 923 753 965 maleficio
784 924 872 965 fieri
904 924 1135 975 videretur,
1167 925 1429 979 potissimum
1460 925 1534 967 tibi
1567 929 1708 979 partes

208 990 312 1031 istas
362 990 682 1043 depoposcisse,
730 994 773 1031 ut
808 991 848 1031 in
897 991 1050 1032 iudicio
1098 1005 1314 1033 versarere
1345 997 1385 1034 et
1414 992 1584 1033 sederes
1616 1005 1707 1033 cum

210 1056 484 1098 accusatore?
515 1056 608 1104 Qua
638 1056 678 1096 in
710 1069 752 1097 re
783 1057 886 1098 nihil
919 1057 1032 1098 aliud
1064 1057 1322 1111 adsequeris,
1354 1059 1432 1099 nisi
1465 1062 1509 1099 ut
1539 1058 1592 1098 ab
1623 1070 1707 1098 om-

209 1123 330 1164 nibus
384 1122 629 1163 mortalibus
679 1123 859 1164 audacia
903 1127 975 1164 tua
1027 1128 1305 1177 cognoscatur
1349 1129 1388 1165 et
1434 1123 1706 1178 impudentia.

161 1192 196 1216 9⁶
212 1189 362 1231 Occiso
392 1188 489 1230 Sex.
520 1189 671 1230 Roscio
711 1190 803 1241 quis
841 1190 998 1244 primus
1039 1190 1250 1231 Ameriam
1291 1190 1483 1231 nuntiat?
1541 1190 1708 1230 Mallius

211 1255 405 1305 Glaucia,
438 1267 558 1307 quem
590 1254 673 1295 iam
705 1260 829 1296 antea
859 1256 1089 1308 nominavi,
1121 1260 1213 1297 tuus
1246 1256 1375 1298 cliens
1405 1261 1445 1298 et
1474 1256 1706 1298 familiaris.

211 1321 321 1371 Quid
352 1320 517 1362 attinuit
546 1334 639 1362 eum
669 1321 929 1374 potissimum
961 1322 1171 1374 nuntiare,
1202 1322 1332 1375 quod,
1372 1322 1406 1363 si
1437 1323 1594 1363 nullum
1624 1322 1707 1362 iam

211 1393 307 1429 ante
341 1386 558 1428 consilium
590 1386 641 1427 de
673 1391 803 1429 morte
846 1401 896 1429 ac
926 1387 977 1428 de
1009 1388 1128 1429 bonis
1162 1388 1250 1429 eius
1281 1387 1437 1429 inieras
1467 1388 1707 1441 nullamque

211 1454 453 1495 societatem
498 1465 632 1506 neque
674 1454 843 1495 sceleris
887 1467 1021 1506 neque
1066 1454 1240 1507 praemii
1287 1467 1377 1495 cum
1418 1454 1585 1496 homine
1623 1454 1707 1495 ullo

211 1521 394 1571 coieras,
440 1519 493 1560 ad
533 1523 572 1559 te
609 1520 777 1561 minime
822 1520 1003 1561 omnium
1034 1519 1301 1573 pertinebat?
1334 1545 1382 1549 --
1442 1520 1528 1562 Sua
1560 1526 1707 1575 sponte

209 1586 376 1627 Mallius
406 1585 577 1626 nuntiat.
609 1610 663 1614 —
721 1585 853 1637 Quid,
883 1599 1059 1639 quaeso,
1091 1586 1179 1627 eius
1209 1586 1438 1628 intererat?
1496 1588 1585 1637 An,
1617 1600 1708 1629 cum

209 1652 422 1693 Ameriam
452 1665 533 1692 non
565 1651 736 1693 huiusce
766 1651 825 1692 rei
858 1665 986 1693 causa
1015 1652 1210 1705 venisset,
1243 1666 1343 1694 casu
1374 1653 1548 1704 accidit,
1579 1658 1623 1695 ut
1651 1654 1707 1706 id,

211 1718 321 1771 quod
359 1718 516 1759 Romae
562 1717 770 1769 audierat,
812 1719 968 1771 primus
1010 1717 1249 1759 nuntiaret?
1306 1719 1431 1761 Cuius
1477 1720 1535 1761 rei
1580 1733 1709 1761 causa

210 1788 382 1825 venerat
412 1783 655 1824 Ameriam?
691 1783 798 1829 ,Non
830 1786 1026 1837 possum‘,
1060 1784 1210 1838 inquit,
1239 1785 1469 1838 ,divinare‘.
1529 1786 1590 1827 Eo
1622 1799 1707 1827 rem

210 1850 292 1890 iam
325 1849 553 1902 adducam,
595 1854 637 1890 ut
666 1849 769 1890 nihil
801 1849 1058 1891 divinatione
1089 1864 1192 1904 opus
1223 1851 1286 1892 sit.
1347 1851 1439 1900 Qua
1468 1852 1629 1893 ratione
1659 1851 1706 1892 T.

211 1916 362 1958 Roscio
395 1915 588 1969 Capitoni
619 1916 752 1969 primo
783 1917 1017 1957 nuntiavit?
1077 1917 1178 1958 Cum
1212 1917 1406 1958 Ameriae
1436 1918 1534 1959 Sex.
1565 1918 1707 1959 Roscii

211 1982 381 2034 domus,
427 1995 530 2023 uxor
560 1982 761 2035 liberique
793 1987 950 2031 essent,
989 1996 1080 2024 cum
1112 1987 1171 2025 tot
1201 1983 1424 2037 propinqui
1456 1985 1707 2037 cognatique

211 2049 365 2102 optime
411 2050 724 2101 convenientcS,
771 2061 853 2101 qua
889 2049 1052 2090 ratione
1095 2050 1249 2092 factum
1282 2055 1364 2103 est,
1412 2055 1456 2091 ut
1491 2050 1570 2092 iste
1613 2054 1707 2092 tuus

310 2207 453 2241 Tcstz'm.
483 2210 548 2241 vet.

308 2269 326 2306 ἓ
355 2267 409 2301 ξ’)ῠ.
450 2266 628 2300 Priscian.
656 2264 707 2299 III
733 2275 768 2308 p.
786 2265 817 2305 7,
840 2266 879 2300 19
906 2264 1159 2308 ,Cuicuimodi‘
1187 2275 1252 2309 pro
1279 2265 1613 2307 ‚cuiuscuiusmodi‘
1632 2265 1706 2301 Cic.

211 2334 246 2367 p.
272 2322 308 2358 S.
335 2323 527 2358 Roscio:
569 2334 711 2367 ,vereor
738 2324 850 2366 enim,
878 2323 1096 2358 cuicuimodi
1126 2334 1185 2365 es,
1213 2323 1253 2358 T.
1280 2324 1413 2367 Rosci,
1453 2335 1499 2359 ne
1532 2324 1585 2359 ita
1611 2323 1708 2359 huuc

210 2381 338 2417 videar
363 2392 525 2425 servare,
551 2387 592 2417 ut
616 2382 682 2416 tibi
709 2383 856 2417 omnino
882 2392 954 2416 non
980 2382 1228 2425 pepercerim‘.

305 2440 425 2474 Sclcol.
456 2441 519 2475 Gr.

305 2499 388 2543 Kap
424 2499 582 2533 XXXIV
610 2502 628 2540 ξ
656 2500 711 2535 95.
763 2498 865 2533 Oris
890 2498 967 2543 tui]
996 2496 1257 2541 Impudentiae.

305 2556 451 2592 Huius
478 2557 718 2592 maleficio
745 2556 856 2591 fieri
884 2556 1139 2600 videretur]
1169 2556 1281 2598 Multi,
1310 2556 1444 2600 inquit,
1472 2556 1593 2591 sicarii
1620 2567 1705 2591 con-

211 2616 277 2650 scii
304 2616 481 2650 scelerum
510 2616 555 2650 de
583 2615 703 2650 medio
729 2614 913 2659 fugerunt,
942 2619 991 2657 ut,
1021 2625 1129 2658 quum
1156 2615 1191 2648 in
1218 2614 1391 2648 iudicium
1407 2615 1589 2650 adductus
1607 2619 1708 2650 esset

211 2674 377 2715 Roscius,
407 2674 489 2708 dum
517 2673 575 2709 hic
602 2684 751 2708 causam
778 2674 876 2715 dicit,
903 2674 1043 2708 illorum
1071 2673 1216 2708 scelera
1244 2673 1458 2708 celarentur.
1486 2673 1558 2708 Sed
1585 2677 1706 2709 tamen

211 2743 317 2767 nemo
358 2743 481 2767 eorum
517 2733 692 2767 Roscium
733 2737 901 2775 accusat3
940 2737 998 2776 tu,
1038 2742 1147 2776 quum
1189 2741 1232 2766 ex
1265 2732 1426 2775 ipsorum
1458 2742 1608 2767 numero
1643 2733 1706 2777 sis,

210 2790 396 2836 Roscium,
422 2795 463 2826 ut
488 2792 649 2827 videaris
672 2791 848 2826 innocens
874 2791 987 2835 solus,
1014 2799 1182 2827 accusas.
