1820 3068
166 108 218 150 16
643 111 912 156 Argumentum
938 110 1180 147 Scholiastae.

303 372 345 427 c)
378 372 677 426 Argumentum
708 373 973 415 Scholiastae
1004 373 1274 415 Gronoviani.

166 494 209 528 G.
237 507 280 524 z
309 492 535 535 Gronovius,
580 492 641 527 Gr.
670 507 713 523 z
743 493 941 535 Graevius,
981 492 1065 528 Sch.
1093 507 1136 524 z
1165 493 1341 538 Schuetz,
1381 494 1437 530 Or.
1466 509 1508 526 =
1537 495 1660 539 Orelli,

562 552 603 586 B.
631 566 673 582 z
702 551 890 595 Biichner,
926 552 965 586 E.
993 566 1036 583 z:
1064 551 1265 586 Eberhard.

275 663 372 704 Sex.
409 662 584 704 Roscius
615 662 836 703 Amerinus
875 663 1063 716 locuples
1100 663 1189 704 fuit.
1254 664 1333 705 Hic
1373 677 1496 716 quum
1536 664 1663 705 habe-

166 733 229 770 ret
265 728 459 770 Roscium
510 728 639 770 filium
683 728 895 781 rigidioris
942 736 1115 771 naturae
1160 729 1202 770 in
1245 729 1431 783 paternis
1477 730 1663 783 praediis

166 799 489 838 commorantem
521 800 561 836 et
591 795 765 836 haberet
795 795 900 836 duos
931 795 1120 836 inimicos
1151 796 1381 850 municipes
1410 808 1529 848 suos,
1559 796 1663 837 Ros-

167 863 274 904 cium
313 862 509 915 Magnum
551 866 591 902 et
629 861 897 914 Capitonem,
942 861 1061 902 Sulla
1099 861 1339 904 dominante
1379 867 1418 903 et
1455 863 1538 903 iam
1568 875 1663 916 pro·

167 928 392 983 scriptione
423 928 540 968 finita
570 927 623 968 ad
657 927 830 968 balneas
850 927 1063 969 Pallacine
1084 928 1097 952 ¹
1129 928 1293 969 rediens
1326 942 1349 969 a
1376 941 1480 970 cena
1503 929 1664 970 occisus

167 1000 242 1037 est.
301 995 364 1036 De
400 998 530 1036 morte
570 994 657 1034 eius
695 994 852 1047 primus
891 994 1096 1034 nuntiavit
1127 995 1337 1036 Ameriam
1370 995 1547 1036 Glaucia
1577 994 1664 1048 qui-

167 1063 263 1102 dam
294 1061 538 1102 Rosciorum
569 1060 711 1103 cliens,
778 1060 971 1101 Delatum
1012 1064 1075 1101 est
1113 1060 1166 1100 ad
1196 1061 1354 1102 Sullam
1386 1075 1556 1113 nomen3
1597 1074 1664 1103 oc-

167 1128 241 1169 cisi
280 1128 391 1168 bona
428 1127 666 1178 venierunt3
711 1131 852 1180 empta
892 1139 917 1167 a
948 1126 1224 1180 Chrysogono
1255 1128 1397 1169 Sullae
1433 1129 1583 1169 liberto
1623 1128 1664 1168 in

167 1194 367 1236 societate
413 1206 504 1234 cum
543 1192 706 1234 Rosciis
754 1193 960 1246 possideri
1002 1197 1151 1246 coepta
1192 1198 1306 1246 sunt,
1352 1194 1438 1236 filio
1476 1194 1664 1247 expulso.

166 1260 350 1302 Amerini
381 1260 545 1313 legatos
576 1258 630 1299 ad
651 1259 809 1299 Sullam
841 1259 1052 1311 miserunt,
1084 1260 1151 1312 qui
1185 1260 1370 1301 dicerent
1393 1260 1504 1301 bona
1524 1261 1664 1302 Roscii

166 1340 248 1368 non
279 1326 474 1368 debuisse
506 1325 660 1375 venire,
691 1325 989 1379 obreptumque
1022 1326 1102 1380 ipsi
1134 1339 1240 1378 esse,
1275 1339 1398 1379 quum
1427 1331 1539 1369 esset
1560 1327 1664 1368 Ros-

168 1394 255 1435 cius
289 1393 481 1434 iniuriam
513 1405 675 1445 passus.
728 1392 889 1433 Inducti
921 1405 946 1432 a
970 1392 1245 1446 Chrysogono
1276 1398 1371 1433 sunt
1399 1394 1665 1447 promittente

167 1460 419 1514 emptionem
450 1459 732 1500 remissurum.
785 1458 952 1499 Interim
977 1458 1073 1499 Sex.
1093 1459 1269 1500 Roscius
1300 1459 1548 1501 adulescens
1570 1473 1664 1514 par-

168 1526 301 1567 ricidii
333 1530 554 1566 accusatus
593 1531 656 1566 est
692 1525 745 1565 ab
777 1525 926 1566 Erucio
968 1525 1149 1577 quodam
1183 1539 1235 1567 ex
1263 1526 1383 1567 novis
1414 1525 1666 1568 accusatori-

170 1593 246 1633 bus
277 1597 317 1633 et
346 1592 575 1633 absolutus.
601 1616 651 1621 —
684 1591 873 1644 Duplicis
905 1592 1168 1633 coniecturae
1199 1605 1368 1634 causam
1392 1593 1667 1646 dispositione

167 1658 347 1700 naturali
378 1658 698 1712 persequitu1·:2
736 1670 831 1698 nam
861 1671 984 1710 quum
1016 1657 1204 1699 defendit
1234 1658 1376 1710 filium,
1406 1659 1561 1712 regerit
1591 1659 1666 1699 cri-

168 1738 261 1766 men
292 1725 333 1765 in
357 1724 532 1765 Roscios
562 1723 846 1777 comparando
874 1737 1088 1777 personas,
1121 1738 1272 1766 causas
1295 1730 1529 1778 ceteraque,
1560 1738 1667 1778 quae

168 1796 240 1832 aut
270 1792 456 1832 oriuntur
487 1804 538 1831 ex
569 1790 651 1831 illis
683 1795 753 1831 aut
783 1790 836 1831 ad
869 1791 942 1831 illa
973 1790 1247 1832 referuntur.³
1294 1791 1346 1832 Et
1374 1796 1510 1832 tuetur
1538 1804 1667 1843 reum,

168 1863 211 1899 ut
241 1857 428 1910 intellegi
459 1857 584 1898 facile
615 1858 775 1911 possit
812 1858 1047 1898 accusatori
1084 1858 1300 1911 supposito
1332 1857 1665 1911 periclitandum.

168 1923 339 1965 Multum
359 1925 375 1947 4
405 1924 545 1976 itaque
574 1924 684 1964 circa
714 1924 909 1964 Erucium
939 1928 1139 1965 terrorem
1167 1925 1400 1965 calumniae
1431 1929 1572 1965 movet
1601 1937 1666 1965 ur-

168 1990 408 2032 banissimis
452 1991 624 2031 salibus.
702 1990 885 2043 Insignis
926 1990 1036 2032 actio
1081 1990 1271 2032 libertate
1310 1990 1496 2044 patroni,
1543 2002 1667 2043 quam

263 2173 303 2216 1)
334 2172 420 2206 Hier
450 2171 524 2206 und
559 2175 577 2213 ξ
605 2173 673 2208 132
706 2171 770 2206 hat
798 2171 863 2207 der
888 2170 1075 2207 Scholiast
1100 2171 1306 2220 Pallacine3
1345 2171 1421 2216 vgl.
1448 2171 1506 2206 die
1532 2170 1668 2206 testim.

168 2241 212 2265 zu
239 2234 258 2272 ἓ
286 2231 340 2265 18.
369 2250 411 2255 -
463 2233 504 2273 2)
535 2230 641 2274 Vulg.
667 2231 917 2275 prosequitur,
951 2231 992 2265 B.
1018 2231 1269 2274 persequitur;
1309 2230 1381 2274 vgl.
1411 2230 1512 2273 Sulp.
1541 2229 1669 2265 Victor

167 2291 251 2324 inst.
279 2293 371 2324 orat.
398 2299 432 2332 p.
456 2291 537 2333 332,
557 2291 600 2325 35
617 2289 681 2331 H.,
708 2300 763 2323 wo
792 2301 863 2324 von
890 2289 957 2323 der
983 2289 1118 2333 duplex
1146 2289 1360 2323 coniectura
1386 2288 1443 2323 die
1470 2288 1573 2323 Rede
1599 2288 1666 2323 ist:

168 2359 270 2393 ‚ergo
303 2358 640 2392 persequemur
675 2347 769 2382 hanc
804 2351 979 2382 causam‘.
1019 2367 1061 2372 —
1122 2349 1163 2390 3)
1204 2347 1250 2381 ad
1287 2347 1350 2381 illa
1383 2347 1447 2381 mit
1481 2348 1562 2390 Gn,
1606 2352 1670 2382 aut

167 2408 230 2442 illa
257 2407 298 2442 G.
327 2427 367 2431 ——
419 2408 459 2450 4)
491 2405 619 2450 Vulg.:
649 2412 686 2440 ut
713 2407 877 2450 intellegi
905 2405 1014 2440 facile
1042 2406 1090 2440 sit.
1118 2410 1337 2440 accusatore
1357 2407 1551 2450 supposito
1572 2406 1667 2450 peri-

168 2467 366 2501 clitantem.
394 2465 452 2500 B.:
483 2464 505 2498 f.
528 2465 586 2507 sit,
614 2465 822 2499 accusatori
849 2465 1043 2508 supposito
1070 2464 1351 2507 periclitandum
1372 2466 1484 2507 (esse)
1507 2464 1667 2498 multum.

168 2527 298 2569 Itaque
326 2552 333 2560 .
360 2552 367 2559 .
395 2552 402 2559 .
429 2529 553 2559 movet
588 2524 839 2559 urbanissimis
874 2523 1026 2557 salibus.
1089 2522 1249 2566 Insignis
1283 2523 1380 2556 actio
1407 2522 1577 2557 libertate
1603 2532 1667 2567 pa-

168 2584 263 2632 troni
290 2587 359 2618 etc.
388 2584 508 2628 (vulg.
536 2584 736 2627 patrono);
764 2583 803 2617 E.
831 2593 865 2626 p.
891 2583 934 2617 18
961 2581 1105 2626 schla'gt
1131 2591 1212 2615 vor:
1247 2581 1407 2622 ‚multum
1433 2582 1559 2625 itaque
1586 2607 1594 2616 .
1624 2607 1631 2615 .
1661 2607 1669 2614 .

168 2654 320 2678 movens
349 2645 415 2686 (sc.
443 2643 557 2686 actio)
585 2641 839 2676 urbanissiiuis
866 2640 1005 2676 salibus
1032 2640 1187 2684 insignis
1213 2640 1329 2682 actio,
1354 2640 1540 2675 lubrica
1567 2640 1604 2683 (i.
1634 2648 1665 2674 e.

169 2704 396 2748 periculosa:
432 2700 502 2735 hoc
529 2701 749 2735 vocabulum
776 2701 960 2744 supplevi)
999 2699 1170 2734 libertate
1195 2700 1387 2743 patrono‘;
1423 2699 1597 2733 multus
1624 2712 1666 2729 z:

169 2774 366 2808 magnus
400 2763 447 2797 ist
481 2759 582 2794 nicht
608 2760 724 2794 selten
752 2760 788 2793 in
815 2759 878 2793 der
905 2758 1081 2802 spateren
1107 2759 1304 2800 Latinum,
1337 2769 1379 2793 so
1406 2757 1466 2792 bei
1494 2757 1558 2792 Iul.
1585 2757 1668 2793 Val.

169 2823 243 2858 reb.
266 2834 298 2867 g.
328 2822 435 2857 Alex.
460 2822 503 2855 M.
521 2821 564 2864 II,
587 2822 618 2855 9.
642 2821 702 2862 163
734 2820 829 2861 [[[,1
857 2819 939 2853 Par.
969 2818 1096 2861 (multo
1125 2817 1266 2861 labore)
1294 2828 1329 2852 u.
1356 2819 1389 2852 ὅ.
