1820 3068
200 103 253 146 14
733 105 960 142 Testimonia
986 112 1161 142 veterum.

309 216 480 266 Quintil.
516 216 578 266 12,
610 216 647 268 6,
679 218 706 258 4
727 230 813 270 sq.:
859 217 903 258 Si
935 217 1033 270 quid
1065 217 1174 258 desit
1204 217 1339 270 operi,
1371 217 1536 272 supplet
1566 222 1696 268 aetas,

199 287 239 324 et
270 282 305 322 si
337 296 418 335 qua
449 287 544 323 sunt
572 283 683 324 dicta
707 284 942 324 iuveniliter
961 297 1034 337 pro
1060 283 1198 324 indole
1218 284 1490 337 accipiuntur,
1521 289 1565 324 ut
1588 289 1697 325 totus

197 349 267 390 illc
300 348 512 389 Ciceronis
544 362 619 402 pro
650 350 810 390 Sexto
843 350 1032 390 Roscio
1071 350 1186 390 locus
1226 352 1270 402 (ξ
1297 350 1388 400 72):
1435 350 1548 402 ,quid
1588 349 1695 390 enim

198 420 282 456 tam
315 428 530 456 commune
561 428 683 468 quam
717 417 884 469 spiritus
917 416 1043 465 vivis,
1082 420 1193 456 terra
1223 416 1417 468 mortuis,
1454 429 1567 456 marc
1598 414 1696 456 fluc-

198 481 432 534 tuantibus,
473 482 568 522 litus
601 481 791 522 eiectis‘R‘
848 482 965 530 Quae
1002 495 1092 523 cum
1133 495 1221 522 sex
1261 486 1310 522 et
1339 482 1537 535 viginti
1575 486 1697 523 natus

198 560 331 588 annos
362 548 532 588 summis
564 548 818 589 audientium
851 549 1101 589 clamoribus
1132 548 1307 600 dixerat,
1341 547 1573 589 defervisse
1596 552 1696 588 tem-

202 626 303 667 pore
336 618 375 654 et
405 613 524 654 annis
555 613 712 666 liquata
742 614 823 654 iam
856 614 994 655 senior
1024 614 1133 654 idem
1165 614 1330 655 fatetur.

309 691 390 731 Cic.
427 694 529 731 orat.
563 692 627 741 30,
662 692 758 733 107:
799 691 974 740 Quantis
1005 691 1079 732 illa
1110 692 1362 732 clamoribus
1393 691 1697 732 adulescentuli

198 758 396 806 diximus,
444 769 550 809 quae
591 770 853 809 nequaquam
900 759 1002 798 satis
1044 758 1302 799 defervuisse
1348 762 1443 811 post
1483 758 1696 811 aliquanto

198 824 350 864 sentire
383 823 616 876 coepimus:
657 823 768 876 ,quid
800 823 906 864 enim
935 828 1010 864 etc.
1034 849 1082 852 ——
1103 823 1416 876 conquiescant‘
1445 848 1495 853 —
1520 828 1560 864 et
1590 837 1697 877 quae

199 894 446 942 sequuntur,
478 892 572 930 sunt
603 890 711 930 enim
744 889 883 930 onmia
914 889 1020 930 sicut
1049 890 1330 930 adulescentis
1363 903 1444 931 non
1468 894 1551 931 tam
1583 903 1628 931 re
1659 895 1699 932 et

197 957 433 997 maturitate
477 969 599 1008 quam
647 969 721 1009 spe
767 961 806 996 et
851 956 1163 1010 exspectatione
1210 956 1366 996 laudati
1406 988 1414 996 .
1450 991 1456 998 .
1492 991 1498 997 .
1533 990 1540 998 .
1600 957 1699 1009 Ipsa

200 1022 307 1062 enim
339 1022 412 1062 illa
443 1021 636 1063 iuvenilis
668 1022 946 1063 redundantia
977 1024 1105 1064 multa
1136 1023 1262 1063 habet
1294 1026 1531 1075 attenuata,
1572 1035 1698 1075 quae-

199 1088 294 1128 dam
327 1088 451 1128 etiam
483 1089 624 1141 paullo
655 1088 867 1130 hilariora.

308 1166 393 1206 Cic.
427 1166 538 1208 Brut.
564 1166 629 1215 90,
661 1167 761 1208 312:
795 1167 941 1219 Itaque
973 1167 1108 1221 prima
1137 1180 1264 1208 causa
1294 1167 1464 1220 publica
1494 1179 1569 1220 pro
1600 1166 1696 1207 Sex.

197 1231 349 1272 Roscio
375 1232 487 1273 dicta
507 1236 664 1272 tantum
694 1233 1066 1275 commendationis
1094 1233 1251 1285 habuit,
1283 1238 1326 1274 ut
1355 1247 1436 1274 non
1463 1233 1548 1274 ulla
1575 1238 1697 1285 esset,

199 1311 305 1350 quae
337 1311 418 1339 non
452 1298 582 1351 digna
611 1304 752 1340 nostro
783 1300 1015 1353 patrocinio
1046 1299 1266 1340 videretur.

309 1375 393 1417 Cic.
425 1376 533 1417 offic.
567 1378 604 1427 2,
636 1378 699 1429 14,
733 1379 806 1419 51:
849 1378 1028 1419 Maxime
1060 1380 1199 1418 autem
1230 1380 1270 1417 ct
1299 1376 1436 1430 gloria
1467 1376 1627 1429 paritur
1659 1382 1699 1418 et

196 1441 335 1494 gratia
366 1442 702 1495 defensionibus,
743 1457 874 1496 eoque
911 1445 1063 1495 maior,
1103 1443 1135 1483 si
1175 1443 1341 1496 quando
1373 1443 1545 1495 accidit,
1586 1448 1629 1484 ut
1660 1444 1696 1485 ei

197 1508 481 1561 subveniatur,
514 1510 581 1561 qui
613 1510 793 1562 potentis
828 1510 1003 1551 alicuius
1033 1510 1184 1563 opibus
1216 1509 1506 1550 circumveniri
1538 1509 1698 1563 urgeri»

197 1588 275 1627 que
307 1574 517 1627 videatur,
561 1580 604 1616 ut
642 1589 717 1618 nos
759 1581 798 1618 et
836 1589 962 1629 saepe
1000 1576 1107 1616 alias
1147 1580 1186 1617 et
1228 1576 1520 1617 adulescentes
1552 1581 1698 1618 contra

196 1640 240 1681 L.
275 1640 416 1682 Sullae
448 1642 700 1683 dominantis
732 1655 834 1696 opes
865 1655 940 1696 pro
971 1642 1066 1683 Scx.
1099 1642 1289 1683 Roscio
1323 1643 1567 1684 Amerino
1598 1643 1697 1684 feci-

196 1708 303 1736 mus:
337 1709 465 1750 quae,
497 1702 540 1737 ut
568 1696 668 1749 scis,
705 1703 841 1738 exstat
875 1697 1019 1738 oratio.

307 1774 456 1815 Senec.
501 1787 611 1815 suas
644 1774 744 1826 VII,
775 1776 799 1817 2
829 1777 886 1829 (p.
919 1776 991 1827 50,
1029 1775 1076 1817 13
1107 1774 1157 1815 K.
1178 1774 1237 1826 ff.)
1282 1774 1394 1827 ‚quid
1435 1776 1696 1817 consulatum

197 1839 422 1880 salutarem
454 1841 557 1892 urbi,
590 1841 688 1893 quid
721 1840 888 1882 exilium
922 1842 1139 1882 consulatu
1171 1841 1399 1893 honestius,
1432 1841 1556 1894 quid
1588 1855 1696 1895 pro-

195 1910 434 1947 vocatam
466 1907 607 1948 inter
638 1907 799 1948 initia
830 1908 1244 1949 adulescentiae
1284 1908 1541 1949 libertate
1572 1908 1696 1949 tiro-

196 1971 324 2012 cinii
357 1972 430 2013 tui
461 1973 732 2026 Syllanam
764 1974 1075 2028 potentiam‘
1108 1978 1183 2016 etc.

304 2050 510 2103 Anonym.
554 2050 605 2092 de
646 2051 719 2092 vir.
761 2052 908 2094 illustr.
948 2066 981 2093 c.
1012 2052 1063 2094 81
1117 2052 1382 2106 ,adulescens
1422 2051 1695 2094 Rosciano

195 2114 403 2157 iudicio
443 2117 722 2169 eloquentiam
764 2123 803 2159 et
842 2119 1077 2159 libertatem
1117 2132 1234 2160 suam
1268 2118 1470 2160 adversus
1499 2119 1696 2160 Sullanos

197 2181 398 2222 ostendit:
445 2196 496 2223 ex
528 2196 608 2235 quo
641 2184 794 2225 veritus
833 2185 1032 2225 invidiam
1065 2185 1253 2226 Athenas
1292 2185 1520 2225 studiorum
1557 2185 1696 2238 gratia

195 2248 355 2300 petivit‘
386 2253 463 2289 etc.

305 2325 410 2365 Plut.
451 2325 534 2366 Cic.
572 2327 616 2367 3:
672 2325 1018 2380 Ἀναδεξάμενος
1068 2326 1146 2370 οὖν
1191 2328 1268 2382 τὴν
1315 2332 1577 2382 συνηγορίαν
1618 2332 1694 2371 καὶ

195 2391 488 2444 κατορθώσας
520 2390 801 2448 ἐθαυμάσθη.

279 2545 324 2599 b)
365 2545 443 2587 Die
474 2545 712 2588 testimonia
741 2551 945 2600 veterum,
979 2548 1127 2589 soweit
1157 2548 1218 2589 sie
1249 2547 1337 2589 sich
1364 2548 1440 2589 auf
1459 2548 1526 2590 die
1553 2549 1691 2591 rheto—

359 2612 496 2654 rische
526 2613 715 2654 Technik
746 2614 820 2655 der
850 2627 1048 2667 ganzen
1079 2613 1193 2655 Rede
1227 2614 1445 2656 beziehen:

306 2720 424 2762 Mar.
455 2722 700 2766 Victorin.
734 2737 774 2777 p.
804 2724 904 2774 204,
934 2725 1036 2777 4sq.
1070 2724 1141 2765 H.:
1172 2724 1226 2764 At
1255 2723 1297 2765 in
1328 2724 1567 2766 narratione
1598 2738 1690 2766 cum

196 2800 324 2829 causa
357 2789 490 2830 omnis
519 2788 643 2831 fuerit
673 2790 902 2844 explicata,
942 2795 1038 2831 tunc
1076 2791 1230 2832 crimen
1262 2795 1333 2832 aut
1362 2791 1415 2832 ab
1446 2795 1690 2833 accusatore
