1820 3068
509 166 579 201 Pro
606 165 688 201 Sex.
714 165 852 201 Roscio
879 176 909 200 c.
938 166 980 202 19
1011 168 1030 208 ξ
1057 167 1208 202 51-52.
1554 166 1607 207 43

114 277 308 319 consules
339 276 498 318 fierent.
546 277 710 318 Etenim
741 277 809 331 qui
839 290 1038 331 praeesse
1069 289 1173 329 agro
1205 276 1380 318 colendo
1404 275 1608 329 flagitium

113 347 253 398 putes,
298 343 486 397 profecto
523 343 638 385 illum
670 344 862 395 Atilium,
907 356 1028 395 quem
1067 356 1144 384 sua
1180 357 1305 384 manu
1342 347 1609 396 spargentem

113 423 278 462 semen,
317 410 386 464 qui
417 410 534 452 missi
565 414 704 463 erant,
745 413 1046 462 convenerunt,
1084 409 1293 451 hominem
1326 409 1609 463 turpissimum

113 477 630 530 atqueinhonestissimum
644 476 864 518 iudicares.
889 477 942 516 At
955 476 1120 517 hercule
1139 475 1318 517 maiores
1336 476 1465 517 nostri
1483 476 1609 529 longe

113 544 233 585 aliter
262 548 302 585 et
327 543 378 585 de
399 544 471 585 illo
504 548 543 584 et
570 543 621 584 de
654 543 802 584 ceteris
833 543 986 583 talibus
1015 542 1114 583 viris
1146 542 1443 583 existimabant
1470 542 1609 595 itaque

113 623 164 650 ex
193 609 364 651 minima
396 610 721 664 tenuissimaque
751 623 795 651 re
825 610 995 664 publiea
1032 609 1258 650 maximam
1298 613 1338 650 et
1367 608 1609 649 florentissi-

111 689 222 717 mam
252 676 374 718 nobis
405 677 672 730 reliquerunt.
742 676 848 718 Suos
880 676 988 718 enim
1020 689 1146 729 agros
1187 675 1371 717 studiose
1403 675 1608 725 colebant,

111 756 195 784 non
226 743 385 784 alienos
416 744 565 797 cupide
597 744 871 797 appetebant3
919 743 1068 796 quibus
1107 743 1230 784 rebus
1262 747 1302 783 et
1332 743 1445 796 agris
1475 747 1516 783 et
1544 755 1608 782 ur-

111 808 232 850 bibus
264 813 304 850 et
333 810 570 851 nationibus
599 823 684 851 rem
716 810 927 863 publicam
958 814 1080 863 atque
1112 809 1191 850 hoc
1220 809 1437 863 imperium
1469 813 1507 850 et
1537 821 1609 862 po-

111 876 198 930 puli
229 876 403 917 Romani
442 889 591 917 nomen
632 881 847 918 auxerunt.
918 876 1063 930 Neque
1102 889 1180 930 ego
1212 876 1317 917 haec
1348 889 1396 917 eo
1427 875 1657 930 profero‚⁵1

111 955 192 996 quo
233 942 489 984 conferenda
528 943 609 983 sint
648 955 739 984 cum
782 942 916 995 hisce,
959 943 1009 984 de
1040 943 1188 996 quibus
1218 956 1328 984 nunc
1358 942 1610 996 quaerimus,

111 1009 186 1050 sed
224 1014 266 1050 ut
296 1009 397 1050 illud
429 1009 713 1062 intellegatur,
760 1023 850 1051 cum
889 1010 1000 1064 apud
1038 1011 1217 1052 maiores
1257 1015 1423 1051 nostros
1462 1007 1611 1049 summi

110 1075 187 1117 viri
219 1076 522 1129 clarissimique
553 1075 756 1128 homines,
788 1076 857 1129 qui
889 1078 997 1118 omni
1028 1082 1214 1131 tempore
1245 1077 1298 1118 ad
1326 1075 1612 1130 gubernacula

110 1142 170 1183 rei
201 1142 395 1196 publicae
424 1142 571 1183 sedere
603 1142 826 1195 debebant,
857 1147 997 1185 tamen
1029 1144 1070 1185 in
1095 1144 1208 1198 agris
1237 1156 1398 1197 quoque
1424 1141 1610 1184 colendis

111 1208 368 1262 aliquantum
389 1222 543 1263 operae
562 1210 845 1262 temporisque
870 1210 1213 1265 consumpserint,
1236 1210 1397 1264 ignosci
1419 1213 1610 1262 oportere

111 1276 148 1318 ei
179 1276 358 1328 homini,
398 1275 465 1329 qui
500 1289 544 1317 se
576 1276 757 1316 fateatur
787 1288 880 1316 esse
912 1277 1131 1328 rusticum,
1174 1290 1264 1318 cum
1296 1276 1378 1318 ruri
1410 1275 1611 1317 adsiduus

110 1354 274 1396 semper
313 1342 484 1394 vixerit,
528 1355 618 1383 cum
657 1342 901 1396 praesertim
940 1343 1043 1384 nihil
1084 1348 1213 1396 esset,
1260 1342 1372 1396 quod
1402 1347 1472 1383 aut
1502 1341 1611 1396 patri

109 1409 270 1462 gratius
300 1413 371 1450 aut
398 1408 478 1450 sibi
509 1409 728 1450 iucundius
759 1413 830 1450 aut
856 1423 898 1451 re
923 1422 1023 1451 vera
1047 1410 1261 1451 honestius
1292 1410 1431 1451 facere
1454 1413 1608 1463 posset.

221 1475 371 1517 Odium
404 1475 530 1529 igitur
562 1475 810 1517 acerrimum
841 1476 972 1530 patris
1002 1476 1043 1517 in
1074 1477 1203 1518 filium
1237 1491 1289 1518 ex
1318 1477 1418 1526 hoe,
1451 1475 1610 1530 opinor,
1626 1481 1659 1506 ⁵2

111 1542 364 1594 ostenditur,
396 1541 542 1594 Eruci,
573 1541 685 1595 quod
714 1542 822 1584 hunc
854 1543 938 1583 ruri
971 1556 1063 1585 esse
1094 1543 1353 1597 patiebatur!
1400 1542 1610 1596 Numquid

111 1613 174 1649 est
203 1608 350 1650 aliud?
391 1608 534 1656 ,Immo
564 1610 677 1650 vero‘
709 1608 840 1663 inquit
870 1614 968 1661 ,est3
999 1623 1096 1651 nam
1126 1611 1248 1651 istum
1280 1609 1538 1652 exheredare
1569 1609 1610 1649 in

111 1674 249 1715 animo
289 1674 499 1717 habebat‘.
558 1675 715 1727 Audio,
763 1689 872 1717 nunc
911 1676 1017 1718 dicis
1056 1676 1236 1729 aliquid,
1283 1676 1393 1730 quod
1433 1676 1487 1717 ad
1525 1689 1611 1716 rem

111 1741 336 1796 pertineat,
381 1754 477 1782 nam
517 1741 610 1794 illa,
652 1742 816 1796 opinor,
858 1747 900 1784 tu
931 1736 1102 1797 'quoque
1142 1743 1336 1784 concedis
1376 1743 1488 1784 levia
1519 1755 1611 1783 esse

111 1811 235 1861 atque
266 1807 431 1861 inepta:
476 1808 695 1860 ,Convivia
724 1821 816 1850 cum
847 1814 965 1863 patre
996 1823 1077 1851 non
1109 1810 1268 1852 inibatf
1327 1809 1511 1863 Quippe,
1543 1809 1611 1862 qui

111 1887 162 1915 ne
193 1873 234 1914 in
267 1873 465 1928 oppidum
506 1874 674 1927 quidem
713 1875 791 1916 nisi
833 1889 1004 1929 perraro
1036 1876 1208 1917 veniret.
1269 1877 1462 1927 ,Domum
1492 1888 1611 1916 suam

110 1940 234 1981 istum
264 1953 347 1981 non
380 1940 465 1982 fere
497 1941 717 1994 quisquam
748 1942 955 1983 vocabatf
994 1942 1084 1984 Nec
1113 1942 1273 1993 mirum,
1305 1942 1372 1997 qui
1404 1955 1539 1995 neque
1570 1941 1610 1982 in

112 2007 212 2048 urbe
244 2007 402 2048 viveret
430 2019 564 2061 neque
596 2011 865 2048 revocaturus
897 2013 1019 2049 esset.
1088 2009 1207 2050 XIX.
1253 2009 1403 2050 Verum
1434 2008 1539 2049 haec
1568 2012 1611 2049 tu

112 2086 274 2127 quoque
306 2072 516 2126 intellegis
548 2086 640 2114 esse
671 2075 914 2127 nugatoria3
949 2074 1065 2125 illud,
1097 2075 1207 2128 quod
1240 2074 1465 2127 coepimus,
1497 2073 1609 2115 vide-

112 2152 244 2193 amus,
276 2152 357 2192 quo
389 2139 540 2180 certius
562 2145 850 2192 argumentum
875 2141 958 2182 odii
983 2142 1156 2196 reperiri
1178 2142 1291 2183 nullo
1316 2140 1440 2182 modo
1461 2144 1610 2195 potest.

210 2284 353 2318 Testim.
380 2287 447 2318 vet.

207 2352 404 2388 SehoZ.Gr.
434 2356 509 2395 §51
534 2353 686 2398 Neque
709 2354 828 2389 haec
851 2353 1058 2398 profero,
1077 2364 1162 2399 quo
1188 2353 1480 2390 conferenda
1502 2354 1609 2398 sint]

112 2411 225 2453 Quasi
249 2411 320 2447 hoc
346 2416 541 2447 accusator
567 2412 723 2448 obiciat:
751 2414 862 2457 ,Ergo
888 2418 926 2448 tu
952 2413 1098 2448 confers
1113 2413 1286 2448 Roscium
1313 2418 1348 2448 et
1377 2413 1428 2448 illi
1454 2412 1612 2447 Serrano

113 2474 150 2504 et
174 2471 308 2506 ceteris
336 2470 574 2506 nobilissimis
602 2472 712 2507 viris‘.
763 2472 862 2507 Dicit
891 2473 1036 2508 Cicero:
1063 2473 1145 2507 Non
1171 2483 1240 2517 ego
1269 2471 1422 2507 confero
1450 2482 1529 2506 cum
1556 2471 1613 2505 his

112 2528 308 2573 Roscium,
342 2529 409 2564 sed
436 2531 521 2565 volo
548 2531 744 2566 ostendere
770 2535 910 2566 tantum
937 2542 1050 2575 posse
1076 2541 1205 2576 agros,
1239 2535 1278 2566 ut
1304 2531 1459 2566 maiores
1485 2530 1613 2571 nostri,

115 2597 224 2631 quum
262 2597 407 2632 semper
439 2589 665 2633 reipublicae
700 2589 831 2624 darent
863 2600 1030 2635 operam,
1068 2594 1192 2625 tamen
1227 2600 1374 2634 semper
1408 2599 1518 2634 agros
1552 2599 1612 2623 co-

112 2645 257 2680 luerint.

208 2719 227 2756 §r
255 2716 300 2751 52
325 2715 623 2762 Patielbatur]
649 2718 748 2753 Bene
775 2718 865 2753 dicit
892 2718 1181 2762 patiebatur,
1209 2718 1316 2762 quasi
1338 2718 1455 2762 magis
1474 2716 1612 2752 volenti

113 2773 428 2817 obtemperaverit
453 2780 569 2819 pater,
599 2786 706 2821 quam
732 2777 814 2821 ipse
842 2787 921 2812 eum
949 2778 1105 2812 voluerit
1130 2778 1203 2812 ruri
1230 2787 1313 2811 esse
1331 2778 1379 2820 4).

211 2883 245 2922 4)
275 2881 319 2913 So
345 2881 419 2913 liest
444 2882 482 2913 E.
510 2893 541 2923 p.
572 2886 635 2922 20,
660 2884 762 2922 Vulg.
791 2894 895 2924 quum
922 2883 990 2924 ipse
1018 2893 1094 2914 eum
1120 2883 1264 2914 noluerit
1289 2891 1367 2913 esse.
