1820 3068
591 131 660 165 Pro
687 130 771 165 Sex.
797 131 934 166 Roscio
959 142 988 166 c.
1014 133 1035 167 2
1064 134 1083 173 ξ
1111 133 1215 167 4-5.
1597 134 1649 174 01

1598 164 1623 175 fv

157 241 358 283 utrumvis
388 242 507 284 salvo
538 242 677 284 officio
718 242 857 283 facere
902 254 947 283 se
990 255 1116 295 posse
1160 242 1477 294 arbitrarentur3
1525 257 1550 284 a
1587 257 1652 285 me

159 312 296 350 autem
328 307 357 349 ii
387 308 705 361 contenderunt,
748 309 816 362 qui
848 308 958 362 apud
990 322 1055 350 me
1087 313 1126 349 et
1156 308 1340 350 amicitia
1372 314 1411 350 et
1441 309 1652 350 beneficiis

160 378 199 416 et
229 374 432 428 dignitate
460 374 680 428 plurimum
711 380 900 429 possunt,
931 389 1106 428 quorum
1125 389 1204 429 ego
1225 389 1301 417 nec
1330 376 1653 417 benivolentiam

158 454 261 494 erga
290 454 354 482 me
385 440 581 494 ignorare
621 455 698 484 nec
727 442 1015 484 auctoritatem
1046 442 1262 496 aspernari
1293 455 1370 483 nec
1399 443 1654 483 voluntatem

157 508 385 561 neglegere
416 507 636 550 debebam.
1527 514 1530 517 ’

266 573 319 614 ΙΙ.
379 574 455 615 His
486 574 537 616 de
568 574 707 616 causis
739 588 818 628 ego
849 574 945 616 huic
975 587 1127 616 causae
1158 578 1359 628 patronus
1390 574 1542 625 exstiti,
1571 579 1684 616 non⁵

159 641 317 682 electus
348 653 471 692 unus,
519 641 588 694 qui
618 641 801 683 maximo
832 638 1022 695 ingenio,
1063 641 1137 682 sed
1166 641 1335 682 relictus
1367 653 1418 681 ex
1449 641 1653 693 omnibus,

159 707 228 760 qui
259 707 429 748 minimo
476 708 661 761 periculo
706 721 873 762 possem
903 707 1062 759 dicere,
1110 720 1242 760 neque
1287 707 1344 748 uti
1391 707 1495 748 satis
1536 707 1654 749 firmo

158 773 371 828 praesidio
401 773 600 815 defensus
630 775 726 817 SeX.
752 775 940 827 Roscius,
972 787 1115 816 verum
1144 773 1203 815 uti
1235 787 1285 815 ne
1318 773 1484 814 omnino
1515 773 1654 815 deser-

158 845 223 882 tus
251 845 376 882 esset.

267 907 459 949 Forsitan
494 906 727 959 quaeratis,
772 908 840 960 qui
872 907 949 949 iste
980 911 1113 948 terror
1144 906 1197 947 sit
1227 909 1267 947 et
1297 919 1403 959 quae
1427 910 1544 948 tanta
1574 907 1654 948 for-

256 1021 400 1056 Testim.
427 1024 494 1055 vet.

253 1083 272 1121 ξ
298 1080 332 1114 4.
382 1078 561 1114 Charis.
588 1088 623 1121 p.
648 1079 728 1121 2112,
757 1079 777 1113 4
805 1088 827 1113 a
852 1088 909 1112 me
935 1078 983 1112 id
1012 1079 1292 1122 contenderunt,
1321 1079 1381 1124 qui
1408 1078 1507 1122 apud
1534 1088 1590 1113 me
1620 1082 1658 1114 et

158 1138 321 1173 amicitia
347 1142 383 1173 et
409 1138 591 1182 dignitate
618 1137 810 1181 plurimum
836 1142 1004 1181 possunt.

253 1197 374 1233 Schol.
406 1197 467 1232 Gr.

254 1259 271 1298 ἓ
301 1258 332 1291 4.
383 1255 586 1291 Accedit
612 1255 700 1290 illa
728 1256 884 1300 causa]
913 1254 1169 1298 Anadiplosis.

254 1315 382 1358 Quod
409 1325 431 1350 a
457 1315 633 1350 ceteris
661 1314 884 1359 forsitan]
925 1314 962 1348 Si
990 1315 1070 1359 quis
1097 1314 1237 1349 amicus
1264 1317 1368 1358 petat
1395 1323 1416 1347 a
1442 1323 1498 1348 me
1529 1313 1656 1349 defen-

158 1374 273 1409 sionis
301 1371 476 1417 officium‚
507 1375 537 1410 si
562 1375 807 1419 praestitero,
835 1373 956 1408 habeo
984 1373 1140 1418 gratiam
1167 1373 1271 1408 salvo
1300 1370 1423 1408 officio
1439 1372 1497 1417 Ὃς
1537 1373 1567 1408 si
1594 1383 1657 1407 no-

158 1433 271 1477 luero,
297 1433 417 1469 habeo
444 1431 606 1469 officium
634 1434 776 1468 salvum
803 1433 881 1468 sine
909 1433 1047 1478 gratia;
1075 1443 1176 1477 ergo,
1204 1436 1322 1467 utrum
1349 1432 1468 1475 velim,
1495 1433 1532 1467 in
1553 1436 1657 1476 pote-

158 1496 255 1528 state
290 1502 371 1527 mea
409 1497 476 1529 est.
528 1493 563 1527 Si
598 1493 679 1538 quis
717 1504 804 1528 vero
843 1492 958 1527 frater
994 1492 1163 1536 petierit,
1205 1501 1425 1536 quamquam
1443 1493 1470 1534 Ἰ)
1510 1496 1660 1535 propter

157 1551 361 1596 potentiam
402 1551 510 1597 51118)
542 1552 643 1587 Sulla
670 1553 762 1588 satis
795 1552 1010 1595 timebatur,
1049 1556 1171 1586 tamen
1204 1550 1318 1585 frater
1345 1556 1420 1593 est,
1460 1551 1517 1585 cui
1545 1551 1659 1585 omni-

158 1611 268 1646 modo
280 1610 310 1654 ⁹)
338 1612 604 1654 praestandum
631 1616 699 1647 est.
732 1612 901 1656 Non10)
931 1621 1128 1656 possumus
1154 1609 1214 1644 hic
1241 1610 1384 1645 dicere:
1409 1610 1444 1644 in
1471 1613 1659 1654 potestate

157 1669 355 1712 habemus,
395 1676 514 1705 utrum
555 1671 708 1706 velimus
747 1681 793 1706 an
820 1671 987 1706 nolimus.
1039 1669 1255 1705 Omnimodo
1289 1679 1443 1704 necesse
1470 1673 1527 1704 est
1551 1669 1658 1704 velle.

157 1727 196 1763 A
221 1729 354 1764 ceteris
381 1739 470 1774 ergo
498 1730 551 1765 sic
577 1731 732 1773 petitum
759 1734 827 1774 est,
854 1734 893 1765 ut
918 1730 954 1764 in
979 1732 1169 1773 potestate
1188 1727 1363 1772 habeant,
1392 1732 1511 1763 utrum
1526 1728 1659 1771 velint;

158 1797 181 1822 a
205 1798 262 1823 me
287 1793 409 1823 autem
439 1787 474 1823 hi
499 1789 719 1832 petiverunt.

252 1848 344 1892 Kap.
360 1848 393 1882 II
413 1851 432 1889 ξ
450 1849 469 1883 5
494 1848 651 1882 Maxim
665 1858 686 1882 o
712 1848 919 1893 ingenio]
948 1847 1141 1882 Messalam
1159 1846 1314 1881 maxime
1332 1843 1531 1891 signifieat,
1555 1845 1658 1881 cuius

158 1910 305 1942 exstant
329 1907 518 1942 orationes
538 1907 586 1950 ¹).

252 1965 470 2000 Forsitan
506 1966 769 2010 quaeratis]
810 1965 1047 2000 Particularis
1079 1965 1242 1999 narratio
1276 1964 1359 1999 loco
1394 1963 1656 2007 principiorum

157 2023 344 2059 succedit
356 2024 397 2066 ²).
448 2024 640 2059 Narranda
678 2034 792 2059 causa
836 2023 964 2058 fuerat.
1022 2023 1306 2058 Admirabilitas
1345 2033 1486 2057 summa
1524 2021 1656 2066 fuerat,

159 2082 246 2126 quia
283 2082 404 2117 nullus
446 2083 540 2118 alter
575 2087 655 2118 erat
688 2082 880 2125 defensor,
920 2092 1033 2127 quare
1068 2082 1188 2116 nullus
1206 2082 1242 2126 3)
1277 2082 1446 2117 accessit.
1497 2082 1542 2116 Et
1570 2081 1656 2126 quia

254 2189 287 2230 6>
320 2189 428 2220 habeo
454 2189 614 2228 gratia1113
641 2190 770 2220 salvo
797 2188 964 2231 officio]
999 2189 1025 2219 si
1051 2190 1189 2219 noluero
1214 2194 1273 2219 etc.
1312 2188 1367 2219 Or.
1402 2207 1438 2210 —
1492 2188 1524 2227 7)
1551 2189 1653 2227 Vulg.

157 2237 276 2277 quia,
317 2236 393 2268 Sch.
420 2248 451 2267 u.
480 2238 517 2267 B.
545 2247 824 2277 quamquain:
860 2237 897 2267 E.
933 2236 1086 2277 quamvis
1111 2236 1276 2266 timeatur.
1316 2254 1358 2257 —
1411 2237 1445 2275 8)
1472 2236 1535 2266 Die
1564 2236 1654 2266 Aen-

157 2286 285 2323 derung
308 2283 359 2314 B.’
385 2295 451 2315 von
478 2284 528 2315 sui
553 2284 587 2314 in
612 2294 730 2315 suam
756 2284 797 2315 ist
823 2284 981 2322 unnotig,
1020 2285 1063 2313 <la
1089 2293 1122 2314 es
1148 2284 1445 2323 Sprachgebrauch
1473 2285 1528 2313 des
1557 2283 1654 2323 Spat-

156 2332 261 2363 latein
286 2331 327 2362 ist
364 2333 424 2362 (las
450 2341 634 2371 pronomen
659 2332 833 2372 personale
871 2333 923 2362 fiir
956 2333 1015 2362 das
1040 2331 1262 2370 possessivum
1288 2341 1328 2361 zu
1355 2336 1483 2368 setzcn,
1523 2332 1562 2361 cf.
1591 2330 1653 2361 Iul.

158 2380 234 2410 Val.
260 2379 286 2417 I,
315 2382 355 2410 31
384 2380 457 2409 Par.
483 2380 527 2409 ad
553 2379 749 2409 sententiam
776 2379 845 2410 sui
870 2390 900 2409 u.
929 2381 975 2417 ἔζης
1018 2378 1138 2409 ebenso
1172 2378 1235 2408 tui
1270 2379 1321 2408 fiir
1352 2384 1427 2408 tuus
1452 2378 1529 2408 ibid.
1557 2378 1582 2412 Ι,
1611 2381 1653 2409 40

158 2436 291 2457 omnem
316 2426 379 2456 tui
404 2426 577 2465 iniuriam3
604 2427 655 2457 fiir
679 2426 758 2456 mei
784 2439 827 2455 z
857 2436 949 2457 meus
975 2427 1041 2464 vgl.
1068 2426 1202 2456 Ronseh
1227 2425 1301 2456 Ital.
1330 2436 1360 2455 u.
1388 2426 1488 2463 Vulg.
1516 2436 1545 2465 p.
1575 2428 1652 2456 418.

157 2474 196 2504 E.
224 2484 254 2514 p.
285 2476 338 2511 19,
365 2475 422 2504 der
447 2473 560 2504 diesen
589 2474 887 2514 Sprachgebrauch
913 2474 1084 2508 verkennt,
1111 2473 1186 2511 tilgt
1214 2472 1265 2503 sui
1292 2483 1394 2511 ganz,
1421 2474 1480 2503 das
1505 2483 1565 2503 aus
1591 2474 1654 2503 (len

158 2521 228 2551 ‹lrei
260 2526 368 2551 ersten
392 2521 607 2551 Buchstaben
649 2522 705 2551 des
731 2522 908 2559 folgenden
934 2521 1066 2552 Worres
1100 2520 1219 2551 Sulla
1255 2521 1453 2550 entstanden
1479 2520 1542 2553 sei:
1586 2521 1651 2558 vgl.

158 2568 266 2598 meine
291 2568 504 2606 Bemerkung
529 2568 564 2598 in
588 2568 749 2599 Fleckeis.
776 2569 916 2600 Jahrbb.
946 2571 1033 2599 1881
1062 2578 1093 2607 p.
1122 2570 1199 2597 416.
1236 2585 1277 2589 —-
1330 2569 1364 2606 9)
1393 2567 1448 2598 Or.
1474 2567 1512 2596 B.
1541 2573 1652 2597 tamon

158 2615 397 2645 omnimodo
424 2616 525 2645 frater
549 2620 614 2653 est,
642 2615 693 2645 cui
719 2622 798 2654 etc.;
837 2616 891 2646 ich
919 2622 1004 2646 setze
1029 2615 1089 2645 mit
1116 2614 1191 2646 Sch.
1219 2614 1355 2645 omnim.
1390 2624 1450 2644 vor
1482 2620 1651 2653 praestan-

158 2663 270 2699 dum,.
295 2662 356 2693 wie
381 2672 415 2692 es
441 2663 528 2692 auch
554 2667 655 2692 unten
681 2663 817 2693 omnim.
846 2673 976 2694 necesse
1010 2668 1058 2692 est
1084 2662 1196 2692 hcisst.
1240 2680 1276 2683 ν
1332 2664 1389 2698 10)
1416 2672 1483 2691 non
1510 2662 1567 2691 hat
1595 2661 1651 2692 Or.

157 2710 244 2740 nach
271 2709 346 2740 Sch.
374 2709 568 2748 eingesetzt,
608 2711 766 2740 withrend
790 2712 828 2741 B.
871 2710 924 2741 oin
951 2709 1195 2747 Fragezeichen
1226 2710 1312 2739 nach
1350 2708 1494 2738 nolimus
1527 2710 1651 2738 macht.

159 2757 279 2787 ebenso
304 2757 343 2787 E.
371 2775 413 2778 -—
467 2757 500 2795 1)
532 2757 634 2795 Vulg.
662 2757 754 2788 cuius
780 2758 929 2788 maxime
955 2762 1089 2787 exstant
1113 2766 1158 2786 or.
1188 2773 1230 2777 —
1284 2756 1317 2793 2)
1346 2756 1446 2793 Vulg.
1475 2754 1652 2795 principio-

157 2813 232 2834 rum
257 2804 353 2843 cedit,
379 2804 417 2834 B.
445 2803 542 2834 cadit.
571 2804 736 2844 Principia
767 2817 809 2834 z
837 2805 1023 2836 exordium.
1053 2821 1094 2825 —-
1123 2804 1158 2843 3)
1187 2803 1262 2833 Sch.
1289 2813 1320 2833 u.
1347 2803 1385 2832 B.
1413 2812 1515 2842 quare
1540 2803 1652 2832 nullus

158 2851 279 2882 alter.
