<?xml version="1.0" encoding="UTF-8"?>
<!DOCTYPE html PUBLIC "-//W3C//DTD XHTML 1.0 Transitional//EN"
    "http://www.w3.org/TR/xhtml1/DTD/xhtml1-transitional.dtd">
<html xmlns="http://www.w3.org/1999/xhtml" xml:lang="en" lang="en">
 <head>
  <title>
</title>
<meta http-equiv="Content-Type" content="text/html;charset=utf-8" />
  <meta name='ocr-system' content='tesseract 3.04.00' />
  <meta name='ocr-capabilities' content='ocr_page ocr_carea ocr_par ocr_line ocrx_word'/>
</head>
<body>
  <div class='ocr_page' id='page_1' title='image "./redefrsexrisci00ciceuoft_0042.png"; bbox 0 0 1820 3068; ppageno 0'>
   <div class='ocr_carea' id='block_1_1' title="bbox 220 120 1321 163">
    <p class='ocr_par' dir='ltr' id='par_1_1' title="bbox 220 120 1321 163">
     <span class='ocr_line' id='line_1_1' title="bbox 220 120 1321 163; baseline -0.002 -5"><span class='ocrx_word' id='word_1_1' title='bbox 220 120 273 162; x_wconf 75' lang='lat'>32</span> <span class='ocrx_word' id='word_1_2' title='bbox 623 121 694 156; x_wconf 92' lang='lat' dir='ltr'>Pro</span> <span class='ocrx_word' id='word_1_3' title='bbox 721 121 803 156; x_wconf 90' lang='lat' dir='ltr'>Sex.</span> <span class='ocrx_word' id='word_1_4' title='bbox 830 120 969 157; x_wconf 86' lang='lat' dir='ltr'>Roscio</span> <span class='ocrx_word' id='word_1_5' title='bbox 997 133 1025 157; x_wconf 90' lang='lat' dir='ltr'>c.</span> <span class='ocrx_word' id='word_1_6' title='bbox 1053 122 1097 158; x_wconf 78' lang='lat'>10</span> <span class='ocrx_word' id='word_1_7' title='bbox 1124 125 1142 163; x_wconf 65' lang='grc' dir='ltr'>ἓ</span> <span class='ocrx_word' id='word_1_8' title='bbox 1169 122 1321 158; x_wconf 76' lang='grc'><strong>25-28.</strong></span> 
     </span>
    </p>
   </div>
   <div class='ocr_carea' id='block_1_2' title="bbox 175 232 1727 2880">
    <p class='ocr_par' dir='ltr' id='par_1_2' title="bbox 220 232 1722 752">
     <span class='ocr_line' id='line_1_2' title="bbox 220 232 1716 286; baseline 0.001 -13"><span class='ocrx_word' id='word_1_9' title='bbox 220 232 308 274; x_wconf 87' lang='lat' dir='ltr'>cius</span> <span class='ocrx_word' id='word_1_10' title='bbox 338 232 473 283; x_wconf 89' lang='lat' dir='ltr'>fuerit,</span> <span class='ocrx_word' id='word_1_11' title='bbox 504 237 810 286; x_wconf 80' lang='lat' dir='ltr'>conquerantur</span> <span class='ocrx_word' id='word_1_12' title='bbox 841 232 891 275; x_wconf 92' lang='lat' dir='ltr'>de</span> <span class='ocrx_word' id='word_1_13' title='bbox 922 233 1097 274; x_wconf 88' lang='lat' dir='ltr'>istorum</span> <span class='ocrx_word' id='word_1_14' title='bbox 1127 234 1285 274; x_wconf 86' lang='lat' dir='ltr'>scelere</span> <span class='ocrx_word' id='word_1_15' title='bbox 1317 237 1358 275; x_wconf 86' lang='lat' dir='ltr'>et</span> <span class='ocrx_word' id='word_1_16' title='bbox 1380 233 1552 286; x_wconf 89' lang='lat' dir='ltr'>iniuriis,</span> <span class='ocrx_word' id='word_1_17' title='bbox 1584 237 1716 286; x_wconf 91' lang='lat' dir='ltr'>orent,</span> 
     </span>
     <span class='ocr_line' id='line_1_3' title="bbox 220 299 1719 342; baseline 0.001 -2"><span class='ocrx_word' id='word_1_18' title='bbox 220 303 264 340; x_wconf 90' lang='lat' dir='ltr'>ut</span> <span class='ocrx_word' id='word_1_19' title='bbox 290 303 331 340; x_wconf 89' lang='lat' dir='ltr'>et</span> <span class='ocrx_word' id='word_1_20' title='bbox 359 299 470 340; x_wconf 88' lang='lat' dir='ltr'>illius</span> <span class='ocrx_word' id='word_1_21' title='bbox 500 299 648 339; x_wconf 91' lang='lat' dir='ltr'>mortui</span> <span class='ocrx_word' id='word_1_22' title='bbox 689 299 845 340; x_wconf 88' lang='lat' dir='ltr'>famam</span> <span class='ocrx_word' id='word_1_23' title='bbox 890 304 929 340; x_wconf 92' lang='lat' dir='ltr'>et</span> <span class='ocrx_word' id='word_1_24' title='bbox 959 299 1032 340; x_wconf 91' lang='lat' dir='ltr'>filii</span> <span class='ocrx_word' id='word_1_25' title='bbox 1062 299 1294 341; x_wconf 90' lang='lat' dir='ltr'>innocentis</span> <span class='ocrx_word' id='word_1_26' title='bbox 1333 300 1521 341; x_wconf 80' lang='lat' dir='ltr'>fortunas</span> <span class='ocrx_word' id='word_1_27' title='bbox 1553 313 1719 342; x_wconf 87' lang='lat' dir='ltr'>conser-</span> 
     </span>
     <span class='ocr_line' id='line_1_4' title="bbox 220 364 1718 420; baseline 0.001 -14"><span class='ocrx_word' id='word_1_28' title='bbox 220 370 340 406; x_wconf 87' lang='lat' dir='ltr'>vatas</span> <span class='ocrx_word' id='word_1_29' title='bbox 371 365 480 407; x_wconf 87' lang='lat' dir='ltr'>velit.</span> <span class='ocrx_word' id='word_1_30' title='bbox 540 366 675 417; x_wconf 81' lang='lat' dir='ltr'><strong>Atque</strong></span> <span class='ocrx_word' id='word_1_31' title='bbox 706 365 841 419; x_wconf 90' lang='lat' dir='ltr'>ipsum</span> <span class='ocrx_word' id='word_1_32' title='bbox 873 364 1096 417; x_wconf 83' lang='lat' dir='ltr'>decretum,</span> <span class='ocrx_word' id='word_1_33' title='bbox 1130 378 1299 419; x_wconf 91' lang='lat' dir='ltr'>quaeso,</span> <span class='ocrx_word' id='word_1_34' title='bbox 1332 367 1582 420; x_wconf 80' lang='lat' dir='ltr'>cognoscite.</span> <span class='ocrx_word' id='word_1_35' title='bbox 1626 367 1718 407; x_wconf 89' lang='lat' dir='ltr'>DE-</span> 
     </span>
     <span class='ocr_line' id='line_1_5' title="bbox 222 431 1718 484; baseline 0.001 -12"><span class='ocrx_word' id='word_1_36' title='bbox 222 431 447 473; x_wconf 88' lang='lat' dir='ltr'>CRETUM</span> <span class='ocrx_word' id='word_1_37' title='bbox 478 431 865 473; x_wconf 86' lang='lat' dir='ltr'>DECURIONUM.</span> <span class='ocrx_word' id='word_1_38' title='bbox 911 431 1062 484; x_wconf 81' lang='lat' dir='ltr'>Legati</span> <span class='ocrx_word' id='word_1_39' title='bbox 1091 432 1131 472; x_wconf 90' lang='lat' dir='ltr'>in</span> <span class='ocrx_word' id='word_1_40' title='bbox 1162 435 1301 473; x_wconf 84' lang='lat' dir='ltr'>castra</span> <span class='ocrx_word' id='word_1_41' title='bbox 1331 433 1511 474; x_wconf 88' lang='lat' dir='ltr'>veniunt.</span> <span class='ocrx_word' id='word_1_42' title='bbox 1553 433 1718 474; x_wconf 89' lang='lat' dir='ltr'>Intelle-</span> 
     </span>
     <span class='ocr_line' id='line_1_6' title="bbox 221 497 1722 552; baseline 0.001 -14"><span class='ocrx_word' id='word_1_43' title='bbox 221 498 350 552; x_wconf 88' lang='lat' dir='ltr'>gitur‚</span> <span class='ocrx_word' id='word_1_44' title='bbox 392 498 571 549; x_wconf 91' lang='lat' dir='ltr'>iudices,</span> <span class='ocrx_word' id='word_1_45' title='bbox 615 497 657 538; x_wconf 89' lang='lat' dir='ltr'>id</span> <span class='ocrx_word' id='word_1_46' title='bbox 682 497 793 550; x_wconf 85' lang='lat' dir='ltr'>quod</span> <span class='ocrx_word' id='word_1_47' title='bbox 831 497 913 537; x_wconf 87' lang='lat' dir='ltr'>iam</span> <span class='ocrx_word' id='word_1_48' title='bbox 946 502 1040 538; x_wconf 90' lang='lat' dir='ltr'>ante</span> <span class='ocrx_word' id='word_1_49' title='bbox 1080 497 1189 548; x_wconf 88' lang='lat' dir='ltr'>dixi,</span> <span class='ocrx_word' id='word_1_50' title='bbox 1235 498 1495 552; x_wconf 84' lang='lat' dir='ltr'>imprudente</span> <span class='ocrx_word' id='word_1_51' title='bbox 1526 499 1570 539; x_wconf 86' lang='lat' dir='ltr'>L.</span> <span class='ocrx_word' id='word_1_52' title='bbox 1603 498 1722 539; x_wconf 88' lang='lat' dir='ltr'>Sulla</span> 
     </span>
     <span class='ocr_line' id='line_1_7' title="bbox 221 563 1722 619; baseline -0.001 -13"><span class='ocrx_word' id='word_1_53' title='bbox 221 564 381 606; x_wconf 89' lang='lat' dir='ltr'>scelera</span> <span class='ocrx_word' id='word_1_54' title='bbox 417 563 522 605; x_wconf 85' lang='lat' dir='ltr'>haec</span> <span class='ocrx_word' id='word_1_55' title='bbox 561 568 601 604; x_wconf 94' lang='lat' dir='ltr'>et</span> <span class='ocrx_word' id='word_1_56' title='bbox 645 563 808 617; x_wconf 86' lang='lat' dir='ltr'>flagitia</span> <span class='ocrx_word' id='word_1_57' title='bbox 850 563 952 604; x_wconf 90' lang='lat' dir='ltr'>fieri.</span> <span class='ocrx_word' id='word_1_58' title='bbox 1011 564 1118 604; x_wconf 90' lang='lat' dir='ltr'>Nam</span> <span class='ocrx_word' id='word_1_59' title='bbox 1165 564 1303 605; x_wconf 89' lang='lat' dir='ltr'>statim</span> <span class='ocrx_word' id='word_1_60' title='bbox 1343 565 1642 619; x_wconf 82' lang='lat' dir='ltr'>Chrysogonus</span> <span class='ocrx_word' id='word_1_61' title='bbox 1681 568 1722 606; x_wconf 89' lang='lat' dir='ltr'>et</span> 
     </span>
     <span class='ocr_line' id='line_1_8' title="bbox 220 629 1721 685; baseline -0.001 -13"><span class='ocrx_word' id='word_1_62' title='bbox 220 630 312 684; x_wconf 89' lang='lat' dir='ltr'>ipse</span> <span class='ocrx_word' id='word_1_63' title='bbox 343 631 396 671; x_wconf 91' lang='lat' dir='ltr'>ad</span> <span class='ocrx_word' id='word_1_64' title='bbox 427 643 498 671; x_wconf 89' lang='lat' dir='ltr'>eos</span> <span class='ocrx_word' id='word_1_65' title='bbox 530 629 691 671; x_wconf 86' lang='lat' dir='ltr'>accedit</span> <span class='ocrx_word' id='word_1_66' title='bbox 733 634 773 671; x_wconf 92' lang='lat' dir='ltr'>et</span> <span class='ocrx_word' id='word_1_67' title='bbox 813 630 1002 671; x_wconf 88' lang='lat' dir='ltr'>homines</span> <span class='ocrx_word' id='word_1_68' title='bbox 1035 631 1196 672; x_wconf 91' lang='lat' dir='ltr'>nobiles</span> <span class='ocrx_word' id='word_1_69' title='bbox 1227 631 1420 685; x_wconf 84' lang='lat' dir='ltr'>adlegat,</span> <span class='ocrx_word' id='word_1_70' title='bbox 1471 631 1525 672; x_wconf 91' lang='lat' dir='ltr'>ab</span> <span class='ocrx_word' id='word_1_71' title='bbox 1569 631 1620 672; x_wconf 92' lang='lat' dir='ltr'>iis</span> <span class='ocrx_word' id='word_1_72' title='bbox 1651 630 1721 684; x_wconf 91' lang='lat' dir='ltr'>qui</span> 
     </span>
     <span class='ocr_line' id='line_1_9' title="bbox 224 695 1720 752; baseline 0 -14"><span class='ocrx_word' id='word_1_73' title='bbox 224 700 424 750; x_wconf 86' lang='lat' dir='ltr'>peterent,</span> <span class='ocrx_word' id='word_1_74' title='bbox 456 709 506 738; x_wconf 90' lang='lat' dir='ltr'>ne</span> <span class='ocrx_word' id='word_1_75' title='bbox 538 696 593 737; x_wconf 90' lang='lat' dir='ltr'>ad</span> <span class='ocrx_word' id='word_1_76' title='bbox 621 695 782 737; x_wconf 81' lang='lat' dir='ltr'>Sullam</span> <span class='ocrx_word' id='word_1_77' title='bbox 813 696 989 747; x_wconf 87' lang='lat' dir='ltr'>adirent,</span> <span class='ocrx_word' id='word_1_78' title='bbox 1021 701 1060 738; x_wconf 92' lang='lat' dir='ltr'>et</span> <span class='ocrx_word' id='word_1_79' title='bbox 1091 698 1230 738; x_wconf 90' lang='lat' dir='ltr'>omnia</span> <span class='ocrx_word' id='word_1_80' title='bbox 1247 697 1580 752; x_wconf 86' lang='lat' dir='ltr'>Chrysogonum,</span> <span class='ocrx_word' id='word_1_81' title='bbox 1613 710 1720 751; x_wconf 88' lang='lat' dir='ltr'>quae</span> 
     </span>
    </p>

    <p class='ocr_par' dir='ltr' id='par_1_3' title="bbox 175 763 1724 1483">
     <span class='ocr_line' id='line_1_10' title="bbox 175 763 1720 817; baseline 0.001 -14"><span class='ocrx_word' id='word_1_82' title='bbox 175 766 210 792; x_wconf 79' lang='lat'>26</span> <span class='ocrx_word' id='word_1_83' title='bbox 224 763 400 815; x_wconf 83' lang='lat' dir='ltr'>vellent,</span> <span class='ocrx_word' id='word_1_84' title='bbox 445 775 537 804; x_wconf 90' lang='lat' dir='ltr'>esse</span> <span class='ocrx_word' id='word_1_85' title='bbox 567 763 771 805; x_wconf 85' lang='lat' dir='ltr'>facturum</span> <span class='ocrx_word' id='word_1_86' title='bbox 803 763 1111 817; x_wconf 83' lang='lat' dir='ltr'>pollicerentur.</span> <span class='ocrx_word' id='word_1_87' title='bbox 1170 764 1312 817; x_wconf 88' lang='lat' dir='ltr'>Usque</span> <span class='ocrx_word' id='word_1_88' title='bbox 1343 764 1449 805; x_wconf 88' lang='lat' dir='ltr'>adeo</span> <span class='ocrx_word' id='word_1_89' title='bbox 1482 769 1619 805; x_wconf 89' lang='lat' dir='ltr'>autem</span> <span class='ocrx_word' id='word_1_90' title='bbox 1650 764 1720 805; x_wconf 88' lang='lat' dir='ltr'>ille</span> 
     </span>
     <span class='ocr_line' id='line_1_11' title="bbox 223 829 1720 883; baseline 0.001 -14"><span class='ocrx_word' id='word_1_91' title='bbox 223 833 504 883; x_wconf 86' lang='lat' dir='ltr'>pertimuerat,</span> <span class='ocrx_word' id='word_1_92' title='bbox 536 834 578 870; x_wconf 94' lang='lat' dir='ltr'>ut</span> <span class='ocrx_word' id='word_1_93' title='bbox 608 830 711 870; x_wconf 90' lang='lat' dir='ltr'>mori</span> <span class='ocrx_word' id='word_1_94' title='bbox 743 830 884 870; x_wconf 86' lang='lat' dir='ltr'>mallet</span> <span class='ocrx_word' id='word_1_95' title='bbox 914 843 1036 883; x_wconf 91' lang='lat' dir='ltr'>quam</span> <span class='ocrx_word' id='word_1_96' title='bbox 1069 829 1119 870; x_wconf 90' lang='lat' dir='ltr'>de</span> <span class='ocrx_word' id='word_1_97' title='bbox 1150 830 1214 871; x_wconf 88' lang='lat' dir='ltr'>his</span> <span class='ocrx_word' id='word_1_98' title='bbox 1239 831 1361 871; x_wconf 89' lang='lat' dir='ltr'>rebus</span> <span class='ocrx_word' id='word_1_99' title='bbox 1385 830 1544 871; x_wconf 84' lang='lat' dir='ltr'>Sullam</span> <span class='ocrx_word' id='word_1_100' title='bbox 1567 830 1720 871; x_wconf 89' lang='lat' dir='ltr'>doceri.</span> 
     </span>
     <span class='ocr_line' id='line_1_12' title="bbox 221 895 1721 949; baseline 0.001 -13"><span class='ocrx_word' id='word_1_101' title='bbox 221 895 422 937; x_wconf 88' lang='lat' dir='ltr'>Homines</span> <span class='ocrx_word' id='word_1_102' title='bbox 454 896 630 948; x_wconf 85' lang='lat' dir='ltr'>antiqui,</span> <span class='ocrx_word' id='word_1_103' title='bbox 676 896 743 949; x_wconf 92' lang='lat' dir='ltr'>qui</span> <span class='ocrx_word' id='word_1_104' title='bbox 790 909 841 937; x_wconf 87' lang='lat' dir='ltr'>ex</span> <span class='ocrx_word' id='word_1_105' title='bbox 872 909 948 937; x_wconf 88' lang='lat' dir='ltr'>sua</span> <span class='ocrx_word' id='word_1_106' title='bbox 980 900 1127 937; x_wconf 89' lang='lat' dir='ltr'>natura</span> <span class='ocrx_word' id='word_1_107' title='bbox 1165 901 1325 937; x_wconf 89' lang='lat' dir='ltr'>ceteros</span> <span class='ocrx_word' id='word_1_108' title='bbox 1356 896 1581 949; x_wconf 87' lang='lat' dir='ltr'>fingerent,</span> <span class='ocrx_word' id='word_1_109' title='bbox 1629 909 1721 938; x_wconf 90' lang='lat' dir='ltr'>cum</span> 
     </span>
     <span class='ocr_line' id='line_1_13' title="bbox 222 961 1721 1016; baseline 0.001 -14"><span class='ocrx_word' id='word_1_110' title='bbox 222 962 291 1003; x_wconf 89' lang='lat' dir='ltr'>ille</span> <span class='ocrx_word' id='word_1_111' title='bbox 323 961 587 1004; x_wconf 89' lang='lat' dir='ltr'>confirmaret</span> <span class='ocrx_word' id='word_1_112' title='bbox 624 975 716 1004; x_wconf 89' lang='lat' dir='ltr'>sese</span> <span class='ocrx_word' id='word_1_113' title='bbox 747 976 896 1004; x_wconf 89' lang='lat' dir='ltr'>nomen</span> <span class='ocrx_word' id='word_1_114' title='bbox 929 963 1025 1004; x_wconf 87' lang='lat' dir='ltr'>Sex.</span> <span class='ocrx_word' id='word_1_115' title='bbox 1058 963 1197 1004; x_wconf 89' lang='lat' dir='ltr'>Roscii</span> <span class='ocrx_word' id='word_1_116' title='bbox 1240 963 1291 1003; x_wconf 91' lang='lat' dir='ltr'>de</span> <span class='ocrx_word' id='word_1_117' title='bbox 1322 963 1476 1004; x_wconf 86' lang='lat' dir='ltr'>tabulis</span> <span class='ocrx_word' id='word_1_118' title='bbox 1507 968 1721 1016; x_wconf 84' lang='lat' dir='ltr'>exemptu—</span> 
     </span>
     <span class='ocr_line' id='line_1_14' title="bbox 223 1028 1721 1083; baseline 0.001 -15"><span class='ocrx_word' id='word_1_119' title='bbox 223 1041 325 1080; x_wconf 87' lang='lat' dir='ltr'>rum,</span> <span class='ocrx_word' id='word_1_120' title='bbox 357 1028 532 1082; x_wconf 87' lang='lat' dir='ltr'>praedia</span> <span class='ocrx_word' id='word_1_121' title='bbox 560 1041 694 1070; x_wconf 87' lang='lat' dir='ltr'>vacua</span> <span class='ocrx_word' id='word_1_122' title='bbox 724 1028 808 1071; x_wconf 91' lang='lat' dir='ltr'>filio</span> <span class='ocrx_word' id='word_1_123' title='bbox 838 1029 1110 1079; x_wconf 86' lang='lat' dir='ltr'>traditurum,</span> <span class='ocrx_word' id='word_1_124' title='bbox 1158 1042 1331 1083; x_wconf 89' lang='lat' dir='ltr'>cumque</span> <span class='ocrx_word' id='word_1_125' title='bbox 1371 1029 1412 1070; x_wconf 90' lang='lat' dir='ltr'>id</span> <span class='ocrx_word' id='word_1_126' title='bbox 1451 1029 1510 1070; x_wconf 91' lang='lat' dir='ltr'>ita</span> <span class='ocrx_word' id='word_1_127' title='bbox 1541 1029 1721 1070; x_wconf 89' lang='lat' dir='ltr'>futurum</span> 
     </span>
     <span class='ocr_line' id='line_1_15' title="bbox 223 1094 1719 1150; baseline 0.001 -15"><span class='ocrx_word' id='word_1_128' title='bbox 223 1095 269 1137; x_wconf 90' lang='grc' dir='ltr'>Τ.</span> <span class='ocrx_word' id='word_1_129' title='bbox 300 1094 479 1136; x_wconf 86' lang='lat' dir='ltr'>Roscius</span> <span class='ocrx_word' id='word_1_130' title='bbox 510 1095 681 1149; x_wconf 87' lang='lat' dir='ltr'>Capito,</span> <span class='ocrx_word' id='word_1_131' title='bbox 714 1096 782 1149; x_wconf 92' lang='lat' dir='ltr'>qui</span> <span class='ocrx_word' id='word_1_132' title='bbox 813 1096 854 1136; x_wconf 90' lang='lat' dir='ltr'>in</span> <span class='ocrx_word' id='word_1_133' title='bbox 885 1096 1028 1137; x_wconf 90' lang='lat' dir='ltr'>decem</span> <span class='ocrx_word' id='word_1_134' title='bbox 1062 1096 1213 1149; x_wconf 87' lang='lat' dir='ltr'>legatis</span> <span class='ocrx_word' id='word_1_135' title='bbox 1246 1100 1354 1147; x_wconf 74' lang='lat' dir='ltr'>erat,</span> <span class='ocrx_word' id='word_1_136' title='bbox 1387 1095 1719 1150; x_wconf 87' lang='lat' dir='ltr'>appromitteret,</span> 
     </span>
     <span class='ocr_line' id='line_1_16' title="bbox 225 1161 1722 1215; baseline 0 -13"><span class='ocrx_word' id='word_1_137' title='bbox 225 1161 510 1203; x_wconf 88' lang='lat' dir='ltr'>crediderunt:</span> <span class='ocrx_word' id='word_1_138' title='bbox 541 1162 753 1203; x_wconf 88' lang='lat' dir='ltr'>Ameriam</span> <span class='ocrx_word' id='word_1_139' title='bbox 784 1176 827 1204; x_wconf 91' lang='lat' dir='ltr'>re</span> <span class='ocrx_word' id='word_1_140' title='bbox 857 1163 1022 1204; x_wconf 86' lang='lat' dir='ltr'>inorata</span> <span class='ocrx_word' id='word_1_141' title='bbox 1053 1167 1322 1204; x_wconf 87' lang='lat' dir='ltr'>reverterunt.</span> <span class='ocrx_word' id='word_1_142' title='bbox 1382 1164 1443 1204; x_wconf 87' lang='lat' dir='ltr'>Ac</span> <span class='ocrx_word' id='word_1_143' title='bbox 1474 1162 1606 1215; x_wconf 88' lang='lat' dir='ltr'>primo</span> <span class='ocrx_word' id='word_1_144' title='bbox 1634 1175 1722 1203; x_wconf 91' lang='lat' dir='ltr'>rem</span> 
     </span>
     <span class='ocr_line' id='line_1_17' title="bbox 225 1228 1722 1282; baseline 0 -14"><span class='ocrx_word' id='word_1_145' title='bbox 225 1228 391 1270; x_wconf 89' lang='lat' dir='ltr'>differre</span> <span class='ocrx_word' id='word_1_146' title='bbox 423 1228 574 1271; x_wconf 89' lang='lat' dir='ltr'>cotidie</span> <span class='ocrx_word' id='word_1_147' title='bbox 619 1241 669 1270; x_wconf 92' lang='lat' dir='ltr'>ac</span> <span class='ocrx_word' id='word_1_148' title='bbox 705 1229 1015 1282; x_wconf 82' lang='lat' dir='ltr'>procrastinare</span> <span class='ocrx_word' id='word_1_149' title='bbox 1060 1228 1128 1270; x_wconf 90' lang='lat' dir='ltr'>isti</span> <span class='ocrx_word' id='word_1_150' title='bbox 1166 1232 1411 1282; x_wconf 89' lang='lat' dir='ltr'>coeperunt,</span> <span class='ocrx_word' id='word_1_151' title='bbox 1459 1228 1610 1270; x_wconf 89' lang='lat' dir='ltr'>deinde</span> <span class='ocrx_word' id='word_1_152' title='bbox 1649 1228 1722 1269; x_wconf 85' lang='lat' dir='ltr'>ali-</span> 
     </span>
     <span class='ocr_line' id='line_1_18' title="bbox 226 1294 1724 1349; baseline -0.001 -13"><span class='ocrx_word' id='word_1_153' title='bbox 226 1300 379 1348; x_wconf 90' lang='lat' dir='ltr'>quanto</span> <span class='ocrx_word' id='word_1_154' title='bbox 409 1295 663 1337; x_wconf 91' lang='lat' dir='ltr'>licentius</span> <span class='ocrx_word' id='word_1_155' title='bbox 704 1295 806 1336; x_wconf 92' lang='lat' dir='ltr'>nihil</span> <span class='ocrx_word' id='word_1_156' title='bbox 838 1308 965 1349; x_wconf 88' lang='lat' dir='ltr'>agere</span> <span class='ocrx_word' id='word_1_157' title='bbox 998 1300 1121 1348; x_wconf 88' lang='lat' dir='ltr'>atque</span> <span class='ocrx_word' id='word_1_158' title='bbox 1153 1295 1373 1346; x_wconf 85' lang='lat' dir='ltr'>deludere,</span> <span class='ocrx_word' id='word_1_159' title='bbox 1417 1300 1650 1348; x_wconf 88' lang='lat' dir='ltr'>postremo,</span> <span class='ocrx_word' id='word_1_160' title='bbox 1681 1294 1724 1335; x_wconf 91' lang='lat' dir='ltr'>id</span> 
     </span>
     <span class='ocr_line' id='line_1_19' title="bbox 226 1361 1724 1415; baseline -0.001 -12"><span class='ocrx_word' id='word_1_161' title='bbox 226 1362 337 1415; x_wconf 92' lang='lat' dir='ltr'>quod</span> <span class='ocrx_word' id='word_1_162' title='bbox 367 1362 491 1403; x_wconf 87' lang='lat' dir='ltr'>facile</span> <span class='ocrx_word' id='word_1_163' title='bbox 521 1362 776 1403; x_wconf 88' lang='lat' dir='ltr'>intellectum</span> <span class='ocrx_word' id='word_1_164' title='bbox 809 1366 883 1414; x_wconf 91' lang='lat' dir='ltr'>est,</span> <span class='ocrx_word' id='word_1_165' title='bbox 914 1361 1092 1402; x_wconf 87' lang='lat' dir='ltr'>insidias</span> <span class='ocrx_word' id='word_1_166' title='bbox 1125 1362 1235 1403; x_wconf 87' lang='lat' dir='ltr'>vitae</span> <span class='ocrx_word' id='word_1_167' title='bbox 1267 1361 1437 1402; x_wconf 88' lang='lat' dir='ltr'>huiusce</span> <span class='ocrx_word' id='word_1_168' title='bbox 1469 1361 1566 1403; x_wconf 82' lang='lat' dir='ltr'>Sex.</span> <span class='ocrx_word' id='word_1_169' title='bbox 1584 1361 1724 1403; x_wconf 89' lang='lat' dir='ltr'>Roscii</span> 
     </span>
     <span class='ocr_line' id='line_1_20' title="bbox 225 1428 1724 1483; baseline -0.001 -13"><span class='ocrx_word' id='word_1_170' title='bbox 225 1442 376 1483; x_wconf 87' lang='lat' dir='ltr'>parare</span> <span class='ocrx_word' id='word_1_171' title='bbox 406 1441 541 1481; x_wconf 90' lang='lat' dir='ltr'>neque</span> <span class='ocrx_word' id='word_1_172' title='bbox 573 1441 666 1469; x_wconf 85' lang='lat' dir='ltr'>sese</span> <span class='ocrx_word' id='word_1_173' title='bbox 707 1428 897 1469; x_wconf 87' lang='lat' dir='ltr'>arbitrari</span> <span class='ocrx_word' id='word_1_174' title='bbox 939 1441 1063 1481; x_wconf 88' lang='lat' dir='ltr'>posse</span> <span class='ocrx_word' id='word_1_175' title='bbox 1106 1429 1260 1470; x_wconf 87' lang='lat' dir='ltr'>diutius</span> <span class='ocrx_word' id='word_1_176' title='bbox 1292 1429 1471 1469; x_wconf 89' lang='lat' dir='ltr'>alienam</span> <span class='ocrx_word' id='word_1_177' title='bbox 1504 1428 1724 1482; x_wconf 86' lang='lat' dir='ltr'>pecuniam</span> 
     </span>
    </p>

    <p class='ocr_par' dir='ltr' id='par_1_4' title="bbox 178 1494 1724 2281">
     <span class='ocr_line' id='line_1_21' title="bbox 178 1494 1723 1547; baseline -0.001 -10"><span class='ocrx_word' id='word_1_178' title='bbox 178 1496 396 1538; x_wconf 86' lang='lat' dir='ltr'>2⁷d0mino</span> <span class='ocrx_word' id='word_1_179' title='bbox 441 1494 636 1536; x_wconf 91' lang='lat' dir='ltr'>incolumi</span> <span class='ocrx_word' id='word_1_180' title='bbox 677 1495 878 1536; x_wconf 88' lang='lat' dir='ltr'>obtinere.</span> <span class='ocrx_word' id='word_1_181' title='bbox 937 1495 990 1535; x_wconf 93' lang='lat' dir='ltr'>X.</span> <span class='ocrx_word' id='word_1_182' title='bbox 1030 1494 1151 1544; x_wconf 79' lang='lat' dir='ltr'>Quod</span> <span class='ocrx_word' id='word_1_183' title='bbox 1194 1494 1260 1535; x_wconf 92' lang='lat' dir='ltr'>hic</span> <span class='ocrx_word' id='word_1_184' title='bbox 1299 1495 1420 1535; x_wconf 90' lang='lat' dir='ltr'>simul</span> <span class='ocrx_word' id='word_1_185' title='bbox 1468 1499 1592 1547; x_wconf 87' lang='lat' dir='ltr'>atque</span> <span class='ocrx_word' id='word_1_186' title='bbox 1631 1507 1723 1536; x_wconf 90' lang='lat' dir='ltr'>sen-</span> 
     </span>
     <span class='ocr_line' id='line_1_22' title="bbox 226 1561 1723 1615; baseline -0.001 -12"><span class='ocrx_word' id='word_1_187' title='bbox 226 1563 299 1613; x_wconf 93' lang='lat' dir='ltr'>sit,</span> <span class='ocrx_word' id='word_1_188' title='bbox 361 1562 412 1603; x_wconf 89' lang='lat' dir='ltr'>de</span> <span class='ocrx_word' id='word_1_189' title='bbox 458 1562 684 1602; x_wconf 88' lang='lat' dir='ltr'>amicorum</span> <span class='ocrx_word' id='word_1_190' title='bbox 744 1567 1097 1615; x_wconf 81' lang='lat' dir='ltr'>cognatorumque</span> <span class='ocrx_word' id='word_1_191' title='bbox 1148 1562 1356 1603; x_wconf 87' lang='lat' dir='ltr'>sententia</span> <span class='ocrx_word' id='word_1_192' title='bbox 1404 1561 1579 1602; x_wconf 87' lang='lat' dir='ltr'>Romam</span> <span class='ocrx_word' id='word_1_193' title='bbox 1627 1574 1723 1602; x_wconf 84' lang='lat' dir='ltr'>con-</span> 
     </span>
     <span class='ocr_line' id='line_1_23' title="bbox 227 1627 1723 1682; baseline -0.001 -13"><span class='ocrx_word' id='word_1_194' title='bbox 227 1629 333 1682; x_wconf 90' lang='lat' dir='ltr'>fugit</span> <span class='ocrx_word' id='word_1_195' title='bbox 381 1633 421 1669; x_wconf 90' lang='lat' dir='ltr'>et</span> <span class='ocrx_word' id='word_1_196' title='bbox 463 1641 555 1669; x_wconf 86' lang='lat' dir='ltr'>sese</span> <span class='ocrx_word' id='word_1_197' title='bbox 588 1628 641 1668; x_wconf 92' lang='lat' dir='ltr'>ad</span> <span class='ocrx_word' id='word_1_198' title='bbox 676 1628 923 1680; x_wconf 75' lang='lat' dir='ltr'>Caeciliam,</span> <span class='ocrx_word' id='word_1_199' title='bbox 955 1628 1131 1682; x_wconf 84' lang='lat' dir='ltr'>Nepotis</span> <span class='ocrx_word' id='word_1_200' title='bbox 1163 1641 1420 1679; x_wconf 89' lang='lat' dir='ltr'>sororem,</span> <span class='ocrx_word' id='word_1_201' title='bbox 1459 1627 1723 1669; x_wconf 87' lang='lat' dir='ltr'>Baliarici</span> 
     </span>
     <span class='ocr_line' id='line_1_24' title="bbox 224 1694 1724 1748; baseline -0.001 -12"><span class='ocrx_word' id='word_1_202' title='bbox 224 1695 377 1747; x_wconf 90' lang='lat' dir='ltr'>filiam,</span> <span class='ocrx_word' id='word_1_203' title='bbox 431 1707 554 1748; x_wconf 89' lang='lat' dir='ltr'>quam</span> <span class='ocrx_word' id='word_1_204' title='bbox 599 1695 769 1735; x_wconf 91' lang='lat' dir='ltr'>honoris</span> <span class='ocrx_word' id='word_1_205' title='bbox 818 1708 946 1736; x_wconf 89' lang='lat' dir='ltr'>causa</span> <span class='ocrx_word' id='word_1_206' title='bbox 991 1694 1181 1744; x_wconf 91' lang='lat' dir='ltr'>nomino,</span> <span class='ocrx_word' id='word_1_207' title='bbox 1233 1695 1426 1747; x_wconf 88' lang='lat' dir='ltr'>contulit,</span> <span class='ocrx_word' id='word_1_208' title='bbox 1480 1707 1561 1747; x_wconf 89' lang='lat' dir='ltr'>qua</span> <span class='ocrx_word' id='word_1_209' title='bbox 1602 1698 1724 1747; x_wconf 91' lang='lat' dir='ltr'>pater</span> 
     </span>
     <span class='ocr_line' id='line_1_25' title="bbox 225 1760 1723 1815; baseline -0.001 -12"><span class='ocrx_word' id='word_1_210' title='bbox 225 1775 324 1803; x_wconf 90' lang='lat' dir='ltr'>usus</span> <span class='ocrx_word' id='word_1_211' title='bbox 364 1766 428 1802; x_wconf 89' lang='lat' dir='ltr'>est</span> <span class='ocrx_word' id='word_1_212' title='bbox 472 1761 714 1815; x_wconf 79' lang='lat' dir='ltr'>plurimum3</span> <span class='ocrx_word' id='word_1_213' title='bbox 760 1765 800 1801; x_wconf 88' lang='lat' dir='ltr'>in</span> <span class='ocrx_word' id='word_1_214' title='bbox 849 1774 931 1813; x_wconf 90' lang='lat' dir='ltr'>qua</span> <span class='ocrx_word' id='word_1_215' title='bbox 972 1762 1165 1814; x_wconf 85' lang='lat' dir='ltr'>muliere,</span> <span class='ocrx_word' id='word_1_216' title='bbox 1212 1761 1391 1814; x_wconf 87' lang='lat' dir='ltr'>iudices,</span> <span class='ocrx_word' id='word_1_217' title='bbox 1436 1760 1561 1801; x_wconf 91' lang='lat' dir='ltr'>etiam</span> <span class='ocrx_word' id='word_1_218' title='bbox 1602 1773 1723 1812; x_wconf 82' lang='lat' dir='ltr'>nunc,</span> 
     </span>
     <span class='ocr_line' id='line_1_26' title="bbox 224 1827 1724 1882; baseline -0.001 -13"><span class='ocrx_word' id='word_1_219' title='bbox 224 1828 266 1869; x_wconf 92' lang='lat' dir='ltr'>id</span> <span class='ocrx_word' id='word_1_220' title='bbox 299 1827 410 1881; x_wconf 90' lang='lat' dir='ltr'>quod</span> <span class='ocrx_word' id='word_1_221' title='bbox 439 1840 583 1869; x_wconf 90' lang='lat' dir='ltr'>omnes</span> <span class='ocrx_word' id='word_1_222' title='bbox 623 1841 788 1882; x_wconf 89' lang='lat' dir='ltr'>semper</span> <span class='ocrx_word' id='word_1_223' title='bbox 821 1827 1185 1879; x_wconf 86' lang='lat' dir='ltr'>existimaverunt,</span> <span class='ocrx_word' id='word_1_224' title='bbox 1225 1827 1345 1881; x_wconf 86' lang='lat' dir='ltr'>quasi</span> <span class='ocrx_word' id='word_1_225' title='bbox 1384 1827 1562 1880; x_wconf 84' lang='lat' dir='ltr'>exempli</span> <span class='ocrx_word' id='word_1_226' title='bbox 1595 1839 1724 1868; x_wconf 87' lang='lat' dir='ltr'>causa</span> 
     </span>
     <span class='ocr_line' id='line_1_27' title="bbox 224 1893 1724 1948; baseline -0.001 -12"><span class='ocrx_word' id='word_1_227' title='bbox 224 1895 405 1948; x_wconf 88' lang='lat' dir='ltr'>vestigia</span> <span class='ocrx_word' id='word_1_228' title='bbox 434 1895 591 1947; x_wconf 87' lang='lat' dir='ltr'>antiqui</span> <span class='ocrx_word' id='word_1_229' title='bbox 632 1894 758 1935; x_wconf 86' lang='lat' dir='ltr'>officii</span> <span class='ocrx_word' id='word_1_230' title='bbox 798 1898 1025 1935; x_wconf 83' lang='lat' dir='ltr'>remanent.</span> <span class='ocrx_word' id='word_1_231' title='bbox 1086 1895 1149 1935; x_wconf 89' lang='lat' dir='ltr'>Ea</span> <span class='ocrx_word' id='word_1_232' title='bbox 1180 1894 1276 1935; x_wconf 89' lang='lat' dir='ltr'>Sex.</span> <span class='ocrx_word' id='word_1_233' title='bbox 1309 1893 1504 1935; x_wconf 91' lang='lat' dir='ltr'>Roscium</span> <span class='ocrx_word' id='word_1_234' title='bbox 1542 1893 1724 1947; x_wconf 84' lang='lat' dir='ltr'>inopem,</span> 
     </span>
     <span class='ocr_line' id='line_1_28' title="bbox 225 1960 1723 2014; baseline -0.002 -11"><span class='ocrx_word' id='word_1_235' title='bbox 225 1962 400 2003; x_wconf 90' lang='lat' dir='ltr'>eiectum</span> <span class='ocrx_word' id='word_1_236' title='bbox 442 1960 565 2002; x_wconf 89' lang='lat' dir='ltr'>domo</span> <span class='ocrx_word' id='word_1_237' title='bbox 607 1965 729 2014; x_wconf 91' lang='lat' dir='ltr'>atque</span> <span class='ocrx_word' id='word_1_238' title='bbox 761 1960 978 2014; x_wconf 89' lang='lat' dir='ltr'>expulsum</span> <span class='ocrx_word' id='word_1_239' title='bbox 1009 1974 1061 2002; x_wconf 84' lang='lat' dir='ltr'>ex</span> <span class='ocrx_word' id='word_1_240' title='bbox 1091 1961 1175 2002; x_wconf 88' lang='lat' dir='ltr'>suis</span> <span class='ocrx_word' id='word_1_241' title='bbox 1215 1961 1356 2010; x_wconf 91' lang='lat' dir='ltr'>bonis,</span> <span class='ocrx_word' id='word_1_242' title='bbox 1405 1960 1633 2013; x_wconf 86' lang='lat' dir='ltr'>fugientem</span> <span class='ocrx_word' id='word_1_243' title='bbox 1663 1960 1723 2001; x_wconf 90' lang='lat' dir='ltr'>la-</span> 
     </span>
     <span class='ocr_line' id='line_1_29' title="bbox 225 2026 1724 2081; baseline -0.002 -12"><span class='ocrx_word' id='word_1_244' title='bbox 225 2033 387 2070; x_wconf 86' lang='lat' dir='ltr'>tronum</span> <span class='ocrx_word' id='word_1_245' title='bbox 420 2028 503 2069; x_wconf 89' lang='lat' dir='ltr'>tela</span> <span class='ocrx_word' id='word_1_246' title='bbox 534 2031 573 2068; x_wconf 87' lang='lat' dir='ltr'>et</span> <span class='ocrx_word' id='word_1_247' title='bbox 602 2029 736 2068; x_wconf 89' lang='lat' dir='ltr'>minas</span> <span class='ocrx_word' id='word_1_248' title='bbox 767 2027 923 2080; x_wconf 86' lang='lat' dir='ltr'>recepit</span> <span class='ocrx_word' id='word_1_249' title='bbox 953 2026 1120 2068; x_wconf 89' lang='lat' dir='ltr'>domum</span> <span class='ocrx_word' id='word_1_250' title='bbox 1152 2027 1391 2080; x_wconf 85' lang='lat' dir='ltr'>hospitique</span> <span class='ocrx_word' id='word_1_251' title='bbox 1417 2039 1619 2081; x_wconf 89' lang='lat' dir='ltr'>oppresso</span> <span class='ocrx_word' id='word_1_252' title='bbox 1640 2026 1724 2067; x_wconf 87' lang='lat' dir='ltr'>iam</span> 
     </span>
     <span class='ocr_line' id='line_1_30' title="bbox 226 2091 1722 2148; baseline -0.001 -12"><span class='ocrx_word' id='word_1_253' title='bbox 226 2095 530 2148; x_wconf 89' lang='lat' dir='ltr'>desperatoque</span> <span class='ocrx_word' id='word_1_254' title='bbox 575 2094 628 2135; x_wconf 86' lang='lat' dir='ltr'>ab</span> <span class='ocrx_word' id='word_1_255' title='bbox 676 2093 866 2135; x_wconf 90' lang='lat' dir='ltr'>omnibus</span> <span class='ocrx_word' id='word_1_256' title='bbox 905 2093 1110 2147; x_wconf 86' lang='lat' dir='ltr'>opitulata</span> <span class='ocrx_word' id='word_1_257' title='bbox 1146 2098 1219 2135; x_wconf 88' lang='lat' dir='ltr'>est.</span> <span class='ocrx_word' id='word_1_258' title='bbox 1279 2093 1379 2134; x_wconf 88' lang='lat' dir='ltr'>Eius</span> <span class='ocrx_word' id='word_1_259' title='bbox 1411 2092 1582 2146; x_wconf 88' lang='lat' dir='ltr'>virtute,</span> <span class='ocrx_word' id='word_1_260' title='bbox 1627 2091 1722 2145; x_wconf 83' lang='lat' dir='ltr'>fide,</span> 
     </span>
     <span class='ocr_line' id='line_1_31' title="bbox 226 2158 1723 2215; baseline -0.003 -12"><span class='ocrx_word' id='word_1_261' title='bbox 226 2161 445 2215; x_wconf 84' lang='lat' dir='ltr'>diligentia</span> <span class='ocrx_word' id='word_1_262' title='bbox 475 2160 630 2201; x_wconf 85' lang='lat' dir='ltr'>factum</span> <span class='ocrx_word' id='word_1_263' title='bbox 655 2165 736 2211; x_wconf 89' lang='lat' dir='ltr'>est,</span> <span class='ocrx_word' id='word_1_264' title='bbox 776 2164 817 2200; x_wconf 93' lang='lat' dir='ltr'>ut</span> <span class='ocrx_word' id='word_1_265' title='bbox 847 2159 915 2200; x_wconf 90' lang='lat' dir='ltr'>hic</span> <span class='ocrx_word' id='word_1_266' title='bbox 944 2159 1081 2213; x_wconf 90' lang='lat' dir='ltr'>potius</span> <span class='ocrx_word' id='word_1_267' title='bbox 1113 2160 1232 2201; x_wconf 86' lang='lat' dir='ltr'>vivus</span> <span class='ocrx_word' id='word_1_268' title='bbox 1263 2160 1304 2200; x_wconf 91' lang='lat' dir='ltr'>in</span> <span class='ocrx_word' id='word_1_269' title='bbox 1336 2172 1429 2201; x_wconf 90' lang='lat' dir='ltr'>reos</span> <span class='ocrx_word' id='word_1_270' title='bbox 1461 2171 1584 2211; x_wconf 91' lang='lat' dir='ltr'>quam</span> <span class='ocrx_word' id='word_1_271' title='bbox 1616 2158 1723 2200; x_wconf 88' lang='lat' dir='ltr'>occi-</span> 
     </span>
     <span class='ocr_line' id='line_1_32' title="bbox 226 2227 925 2281; baseline -0.003 -12"><span class='ocrx_word' id='word_1_272' title='bbox 226 2242 296 2269; x_wconf 90' lang='lat' dir='ltr'>sus</span> <span class='ocrx_word' id='word_1_273' title='bbox 327 2228 368 2268; x_wconf 92' lang='lat' dir='ltr'>in</span> <span class='ocrx_word' id='word_1_274' title='bbox 400 2227 658 2281; x_wconf 87' lang='lat' dir='ltr'>proscriptos</span> <span class='ocrx_word' id='word_1_275' title='bbox 689 2227 925 2267; x_wconf 89' lang='lat' dir='ltr'>referretur.</span> 
     </span>
    </p>

    <p class='ocr_par' dir='ltr' id='par_1_5' title="bbox 178 2290 1727 2880">
     <span class='ocr_line' id='line_1_33' title="bbox 178 2290 1723 2348; baseline -0.002 -14"><span class='ocrx_word' id='word_1_276' title='bbox 178 2302 213 2328; x_wconf 85' lang='lat'>28</span> <span class='ocrx_word' id='word_1_277' title='bbox 335 2294 443 2334; x_wconf 88' lang='lat' dir='ltr'>Nam</span> <span class='ocrx_word' id='word_1_278' title='bbox 476 2299 696 2348; x_wconf 89' lang='lat' dir='ltr'>postquam</span> <span class='ocrx_word' id='word_1_279' title='bbox 725 2292 791 2333; x_wconf 83' lang='lat' dir='ltr'>isti</span> <span class='ocrx_word' id='word_1_280' title='bbox 823 2292 1115 2333; x_wconf 84' lang='lat' dir='ltr'>intellexerunt</span> <span class='ocrx_word' id='word_1_281' title='bbox 1155 2304 1316 2332; x_wconf 89' lang='lat' dir='ltr'>summa</span> <span class='ocrx_word' id='word_1_282' title='bbox 1347 2290 1566 2344; x_wconf 88' lang='lat' dir='ltr'>diligentia</span> <span class='ocrx_word' id='word_1_283' title='bbox 1595 2291 1723 2332; x_wconf 89' lang='lat' dir='ltr'>vitam</span> 
     </span>
     <span class='ocr_line' id='line_1_34' title="bbox 227 2357 1724 2411; baseline -0.003 -9"><span class='ocrx_word' id='word_1_284' title='bbox 227 2361 323 2402; x_wconf 79' lang='lat' dir='ltr'>Sex.</span> <span class='ocrx_word' id='word_1_285' title='bbox 349 2360 489 2401; x_wconf 89' lang='lat' dir='ltr'>Roscii</span> <span class='ocrx_word' id='word_1_286' title='bbox 521 2358 717 2400; x_wconf 89' lang='lat' dir='ltr'>custodiri</span> <span class='ocrx_word' id='word_1_287' title='bbox 749 2371 882 2411; x_wconf 87' lang='lat' dir='ltr'>neque</span> <span class='ocrx_word' id='word_1_288' title='bbox 914 2359 993 2400; x_wconf 85' lang='lat' dir='ltr'>sibi</span> <span class='ocrx_word' id='word_1_289' title='bbox 1024 2358 1150 2399; x_wconf 90' lang='lat' dir='ltr'>ullam</span> <span class='ocrx_word' id='word_1_290' title='bbox 1183 2357 1325 2398; x_wconf 89' lang='lat' dir='ltr'>caedis</span> <span class='ocrx_word' id='word_1_291' title='bbox 1357 2357 1577 2398; x_wconf 88' lang='lat' dir='ltr'>faciendae</span> <span class='ocrx_word' id='word_1_292' title='bbox 1609 2362 1724 2411; x_wconf 89' lang='lat' dir='ltr'>pote·</span> 
     </span>
     <span class='ocr_line' id='line_1_35' title="bbox 227 2423 1722 2478; baseline -0.003 -10"><span class='ocrx_word' id='word_1_293' title='bbox 227 2431 374 2469; x_wconf 84' lang='lat' dir='ltr'>statem</span> <span class='ocrx_word' id='word_1_294' title='bbox 406 2425 517 2477; x_wconf 87' lang='lat' dir='ltr'>dari,</span> <span class='ocrx_word' id='word_1_295' title='bbox 557 2426 774 2467; x_wconf 89' lang='lat' dir='ltr'>consilium</span> <span class='ocrx_word' id='word_1_296' title='bbox 805 2429 1004 2478; x_wconf 87' lang='lat' dir='ltr'>ceperunt</span> <span class='ocrx_word' id='word_1_297' title='bbox 1035 2426 1201 2478; x_wconf 87' lang='lat' dir='ltr'>plenum</span> <span class='ocrx_word' id='word_1_298' title='bbox 1233 2424 1403 2465; x_wconf 84' lang='lat' dir='ltr'>sceleris</span> <span class='ocrx_word' id='word_1_299' title='bbox 1435 2428 1474 2464; x_wconf 91' lang='lat' dir='ltr'>et</span> <span class='ocrx_word' id='word_1_300' title='bbox 1504 2423 1722 2474; x_wconf 83' lang='lat' dir='ltr'>audaciae,</span> 
     </span>
     <span class='ocr_line' id='line_1_36' title="bbox 227 2476 1724 2545; baseline -0.003 -10"><span class='ocrx_word' id='word_1_301' title='bbox 227 2499 270 2535; x_wconf 90' lang='lat' dir='ltr'>ut</span> <span class='ocrx_word' id='word_1_302' title='bbox 299 2507 450 2534; x_wconf 91' lang='lat' dir='ltr'>nomen</span> <span class='ocrx_word' id='word_1_303' title='bbox 481 2476 601 2533; x_wconf 76' lang='lat' dir='ltr'>huius</span> <span class='ocrx_word' id='word_1_304' title='bbox 633 2492 683 2533; x_wconf 92' lang='lat' dir='ltr'>de</span> <span class='ocrx_word' id='word_1_305' title='bbox 714 2492 938 2545; x_wconf 87' lang='lat' dir='ltr'>parricidio</span> <span class='ocrx_word' id='word_1_306' title='bbox 969 2491 1200 2542; x_wconf 78' lang='lat' dir='ltr'>deferrent,</span> <span class='ocrx_word' id='word_1_307' title='bbox 1246 2494 1289 2530; x_wconf 90' lang='lat' dir='ltr'>ut</span> <span class='ocrx_word' id='word_1_308' title='bbox 1327 2489 1381 2530; x_wconf 88' lang='lat' dir='ltr'>ad</span> <span class='ocrx_word' id='word_1_309' title='bbox 1411 2502 1503 2531; x_wconf 87' lang='lat' dir='ltr'>eam</span> <span class='ocrx_word' id='word_1_310' title='bbox 1534 2503 1618 2531; x_wconf 85' lang='lat' dir='ltr'>rem</span> <span class='ocrx_word' id='word_1_311' title='bbox 1650 2489 1724 2531; x_wconf 90' lang='lat' dir='ltr'>ali-</span> 
     </span>
     <span class='ocr_line' id='line_1_37' title="bbox 227 2556 1727 2613; baseline -0.003 -12"><span class='ocrx_word' id='word_1_312' title='bbox 227 2573 348 2613; x_wconf 90' lang='lat' dir='ltr'>quem</span> <span class='ocrx_word' id='word_1_313' title='bbox 380 2563 666 2601; x_wconf 85' lang='lat' dir='ltr'>accusatorem</span> <span class='ocrx_word' id='word_1_314' title='bbox 697 2562 878 2599; x_wconf 85' lang='lat' dir='ltr'>veterem</span> <span class='ocrx_word' id='word_1_315' title='bbox 911 2562 1214 2611; x_wconf 83' lang='lat' dir='ltr'>compararent,</span> <span class='ocrx_word' id='word_1_316' title='bbox 1246 2556 1315 2609; x_wconf 91' lang='lat' dir='ltr'>qui</span> <span class='ocrx_word' id='word_1_317' title='bbox 1346 2556 1397 2597; x_wconf 89' lang='lat' dir='ltr'>de</span> <span class='ocrx_word' id='word_1_318' title='bbox 1429 2569 1479 2597; x_wconf 89' lang='lat' dir='ltr'>ea</span> <span class='ocrx_word' id='word_1_319' title='bbox 1509 2569 1552 2596; x_wconf 89' lang='lat' dir='ltr'>re</span> <span class='ocrx_word' id='word_1_320' title='bbox 1583 2560 1727 2610; x_wconf 91' lang='lat' dir='ltr'>posset</span> 
     </span>
     <span class='ocr_line' id='line_1_38' title="bbox 228 2622 1725 2679; baseline -0.003 -12"><span class='ocrx_word' id='word_1_321' title='bbox 228 2627 366 2668; x_wconf 88' lang='lat' dir='ltr'>dicere</span> <span class='ocrx_word' id='word_1_322' title='bbox 398 2626 569 2679; x_wconf 91' lang='lat' dir='ltr'>aliquid,</span> <span class='ocrx_word' id='word_1_323' title='bbox 601 2625 642 2666; x_wconf 93' lang='lat' dir='ltr'>in</span> <span class='ocrx_word' id='word_1_324' title='bbox 674 2638 755 2677; x_wconf 89' lang='lat' dir='ltr'>qua</span> <span class='ocrx_word' id='word_1_325' title='bbox 786 2638 829 2666; x_wconf 90' lang='lat' dir='ltr'>re</span> <span class='ocrx_word' id='word_1_326' title='bbox 860 2625 976 2665; x_wconf 87' lang='lat' dir='ltr'>nulla</span> <span class='ocrx_word' id='word_1_327' title='bbox 1006 2624 1197 2665; x_wconf 88' lang='lat' dir='ltr'>subesset</span> <span class='ocrx_word' id='word_1_328' title='bbox 1227 2623 1423 2677; x_wconf 87' lang='lat' dir='ltr'>suspicio,</span> <span class='ocrx_word' id='word_1_329' title='bbox 1456 2622 1633 2675; x_wconf 88' lang='lat' dir='ltr'>denique</span> <span class='ocrx_word' id='word_1_330' title='bbox 1670 2628 1725 2674; x_wconf 88' lang='lat' dir='ltr'>ut,</span> 
     </span>
     <span class='ocr_line' id='line_1_39' title="bbox 228 2689 1726 2747; baseline -0.003 -13"><span class='ocrx_word' id='word_1_331' title='bbox 228 2694 423 2747; x_wconf 88' lang='lat' dir='ltr'>quoniam</span> <span class='ocrx_word' id='word_1_332' title='bbox 456 2692 626 2734; x_wconf 90' lang='lat' dir='ltr'>crimine</span> <span class='ocrx_word' id='word_1_333' title='bbox 658 2705 739 2732; x_wconf 91' lang='lat' dir='ltr'>non</span> <span class='ocrx_word' id='word_1_334' title='bbox 771 2695 984 2745; x_wconf 88' lang='lat' dir='ltr'>poterant,</span> <span class='ocrx_word' id='word_1_335' title='bbox 1017 2695 1203 2745; x_wconf 84' lang='lat' dir='ltr'>tempore</span> <span class='ocrx_word' id='word_1_336' title='bbox 1233 2690 1324 2743; x_wconf 92' lang='lat' dir='ltr'>ipso</span> <span class='ocrx_word' id='word_1_337' title='bbox 1356 2695 1602 2743; x_wconf 87' lang='lat' dir='ltr'>pugnarent.</span> <span class='ocrx_word' id='word_1_338' title='bbox 1661 2689 1726 2730; x_wconf 88' lang='lat' dir='ltr'>Ita</span> 
     </span>
     <span class='ocr_line' id='line_1_40' title="bbox 227 2757 1724 2813; baseline -0.003 -12"><span class='ocrx_word' id='word_1_339' title='bbox 227 2760 343 2813; x_wconf 91' lang='lat' dir='ltr'>loqui</span> <span class='ocrx_word' id='word_1_340' title='bbox 376 2759 583 2801; x_wconf 91' lang='lat' dir='ltr'>homines:</span> <span class='ocrx_word' id='word_1_341' title='bbox 616 2758 742 2811; x_wconf 91' lang='lat' dir='ltr'>,quod</span> <span class='ocrx_word' id='word_1_342' title='bbox 771 2757 926 2799; x_wconf 90' lang='lat' dir='ltr'>iudicia</span> <span class='ocrx_word' id='word_1_343' title='bbox 956 2763 1039 2798; x_wconf 89' lang='lat' dir='ltr'>tam</span> <span class='ocrx_word' id='word_1_344' title='bbox 1071 2758 1140 2798; x_wconf 90' lang='lat' dir='ltr'>diu</span> <span class='ocrx_word' id='word_1_345' title='bbox 1173 2757 1286 2798; x_wconf 89' lang='lat' dir='ltr'>facta</span> <span class='ocrx_word' id='word_1_346' title='bbox 1315 2769 1396 2798; x_wconf 93' lang='lat' dir='ltr'>non</span> <span class='ocrx_word' id='word_1_347' title='bbox 1429 2761 1590 2806; x_wconf 83' lang='lat' dir='ltr'>essent,</span> <span class='ocrx_word' id='word_1_348' title='bbox 1629 2769 1724 2797; x_wconf 90' lang='lat' dir='ltr'>con-</span> 
     </span>
     <span class='ocr_line' id='line_1_41' title="bbox 230 2822 1724 2880; baseline -0.004 -11"><span class='ocrx_word' id='word_1_349' title='bbox 230 2828 417 2870; x_wconf 88' lang='lat' dir='ltr'>demnari</span> <span class='ocrx_word' id='word_1_350' title='bbox 449 2840 540 2868; x_wconf 89' lang='lat' dir='ltr'>eum</span> <span class='ocrx_word' id='word_1_351' title='bbox 573 2830 776 2880; x_wconf 83' lang='lat' dir='ltr'>oportere,</span> <span class='ocrx_word' id='word_1_352' title='bbox 807 2825 875 2880; x_wconf 92' lang='lat' dir='ltr'>qui</span> <span class='ocrx_word' id='word_1_353' title='bbox 908 2825 1063 2880; x_wconf 90' lang='lat' dir='ltr'>primus</span> <span class='ocrx_word' id='word_1_354' title='bbox 1088 2823 1129 2865; x_wconf 91' lang='lat' dir='ltr'>in</span> <span class='ocrx_word' id='word_1_355' title='bbox 1151 2823 1348 2865; x_wconf 89' lang='lat' dir='ltr'>iudicium</span> <span class='ocrx_word' id='word_1_356' title='bbox 1371 2822 1574 2865; x_wconf 89' lang='lat' dir='ltr'>adductus</span> <span class='ocrx_word' id='word_1_357' title='bbox 1594 2827 1724 2876; x_wconf 78' lang='lat' dir='ltr'>esset3</span> 
     </span>
    </p>
   </div>
  </div>
 </body>
</html>
