1820 3068
549 93 620 130 Pro
647 94 729 131 Sex.
756 92 894 131 Roscio
920 107 951 132 c.
979 97 1022 133 35
1050 100 1069 139 ἓ
1098 95 1247 134 97-98.
1593 100 1645 142 63

154 207 304 258 cliens,
350 205 519 247 sceleris
565 206 622 247 tui
664 206 851 258 nuntius,
899 206 944 246 T.
975 206 1127 248 Roscio
1161 207 1354 262 Capitoni
1385 210 1645 262 potissimum

153 272 390 313 nuntiaret?
433 271 607 313 Occisus
638 277 701 313 est
730 285 755 312 a
786 285 889 313 cena
918 273 1102 324 rediens3
1134 274 1316 314 nondum
1346 275 1523 327 lucebat,
1555 283 1694 317 eum97

153 338 346 379 Ameriae
375 338 521 379 scitum
553 342 626 379 est.
685 337 794 387 Quid
824 338 892 379 hic
920 338 1177 379 incredibilis
1209 353 1374 388 cursus,
1413 341 1512 393 quid
1542 342 1646 383 haec

152 409 269 446 tanta
312 404 504 446 celeritas
549 403 844 456 festinatioque
890 404 1130 457 significat?
1195 405 1288 446 Non
1336 419 1511 458 quaero,
1556 408 1647 460 quis

128 468 575 525 ‘percusseritsnihil
607 474 682 522 est,
714 470 904 522 Glaucia,
937 470 1046 523 quod
1077 475 1256 522 metuas,
1287 485 1368 512 non
1402 473 1565 513 excutio
1595 478 1647 524 te,

152 537 187 577 si
218 537 316 589 quid
346 536 453 577 forte
482 535 580 576 ferri
612 536 805 588 habuisti,
836 550 918 578 non
950 541 1131 589 scrutor3
1162 537 1265 578 nihil
1295 538 1348 578 ad
1379 552 1443 580 me
1471 539 1648 580 arbitror

151 603 378 656 pertinere3
410 601 626 654 quoniam,
657 603 771 643 cuius
804 603 978 644 consilio
1009 603 1172 644 occisus
1204 604 1277 656 sit,
1309 603 1500 655 invenio,
1533 605 1647 646 cuius

151 681 275 709 manu
306 668 359 709 sit
387 681 623 722 percussus,
653 682 733 710 non
767 669 925 710 laboro.
968 669 1102 711 Unum
1134 669 1214 710 hoc
1243 682 1374 720 sumo,
1407 669 1516 722 quod
1547 670 1646 711 mihi

152 739 340 788 apertum
383 739 495 774 tuum
541 735 677 775 scelus
702 748 870 790 'resque
912 735 1135 776 manifesta
1176 735 1269 776 dat:
1312 735 1393 777 Ubi
1431 740 1502 776 aut
1539 737 1647 778 unde

151 801 311 842 audivit
341 800 550 842 Glaucia?
595 800 661 853 qui
701 805 785 841 tam
831 801 911 842 cito
945 801 1097 842 scivit?
1155 798 1253 842 Fac'
1281 801 1447 842 audisse
1487 802 1644 855 statim3

152 880 259 919 quae
289 880 355 907 res
384 880 476 907 eum
521 871 642 908 nocte
684 880 767 907 una
804 871 962 908 tantum
1007 867 1166 908 itineris
1200 867 1449 908 contendere
1479 868 1647 920 coegit?

151 946 258 985 quae
289 933 519 973 necessitas
551 946 642 973 eum
674 938 791 973 tanta
821 933 1060 986 premebat,
1108 937 1171 984 ut,
1220 933 1254 973 si
1286 946 1361 974 sua
1392 939 1539 986 sponte
1571 935 1647 974 iter

150 999 360 1040 Ameriam
392 998 569 1050 faceret,
616 999 658 1038 id
690 999 888 1052 temporis
920 1000 1052 1039 Roma
1090 998 1444 1052 proficisceretur,
1490 1000 1644 1041 nullam

150 1069 310 1119 partem
342 1064 475 1105 noctis
506 1065 818 1118 requiesceret?

259 1152 437 1194 XXXV.
496 1152 687 1193 Etiamne
726 1153 767 1193 in
799 1157 882 1193 tam
912 1153 1146 1206 perspicuis
1185 1153 1308 1194 rebus
1339 1155 1694 1207 argumentatione

151 1219 391 1272 quaerenda
431 1223 501 1259 aut
541 1218 781 1260 coniectura
811 1218 1018 1272 capienda
1049 1219 1141 1260 est?
1198 1219 1346 1260 Nonne
1375 1219 1495 1260 vobis
1527 1220 1644 1272 haec,

150 1298 257 1339 quae
289 1285 489 1336 audistis,
535 1298 703 1326 cernere
748 1285 879 1326 oculis
923 1284 1142 1337 videmini,
1173 1285 1365 1327 iudices?
1410 1299 1491 1327 non
1529 1286 1645 1327 illum

150 1352 367 1403 miserum,
410 1350 602 1404 ignarum
644 1363 766 1392 casus
797 1351 858 1392 sui
888 1351 1129 1393 redeuntem
1161 1365 1185 1392 a
1218 1365 1320 1393 cena
1351 1351 1519 1404 videtis,
1564 1366 1646 1393 non

149 1418 309 1472 positas
340 1418 530 1470 insidias,
560 1431 642 1458 non
673 1417 872 1470 impetum
902 1418 1195 1471 repentinum?
1225 1431 1306 1459 non
1338 1422 1527 1459 versatur
1551 1423 1646 1459 ante

147 1485 290 1526 oculos
337 1484 457 1526 vobis
497 1484 537 1524 in
578 1484 707 1525 caede
739 1483 948 1525 Glaucia?
994 1498 1075 1525 non
1107 1485 1228 1525 adest
1257 1484 1334 1525 iste
1364 1484 1408 1524 T.
1442 1484 1646 1525 Roscius?

147 1564 229 1593 non
260 1551 346 1592 suis
375 1550 568 1592 manibus
598 1550 640 1590 in
671 1563 791 1591 curru
823 1550 1002 1592 collocat
1029 1551 1377 1593 Automedontem
1407 1550 1543 1603 illum,
1583 1551 1645 1592 sui

244 1741 388 1776 Testim.
412 1743 480 1775 vet.

242 1803 261 1841 ξ
287 1802 343 1835 97.
395 1797 598 1833 Diomed.
625 1807 660 1841 p.
678 1798 756 1839 393,
777 1798 842 1833 24:
869 1797 963 1840 ‚Non
989 1800 1046 1832 est
1070 1796 1169 1841 quod
1198 1799 1351 1838 metuas,
1378 1796 1544 1839 Glaucia,
1571 1807 1642 1831 non

146 1862 183 1894 te
210 1862 368 1899 scrutor,
406 1857 438 1893 si
463 1855 551 1901 quid
577 1855 672 1890 forte
706 1854 793 1889 ferri
818 1855 1005 1891 habuisti‘.
1034 1876 1077 1881 —
1127 1855 1310 1889 Dosith.
1339 1864 1369 1888 a,
1398 1864 1548 1898 gramm.
1576 1855 1645 1889 VII

146 1928 181 1961 p.
194 1909 333 1959 420,'18
359 1926 405 1951 ne
431 1915 519 1960 quid
545 1918 697 1955 metuas,
725 1913 892 1957 Glaucia,
923 1925 995 1949 non
1021 1918 1057 1948 te
1085 1917 1238 1956 scrutor,
1266 1914 1300 1948 si
1324 1914 1410 1956 quid
1437 1912 1532 1948 forte
1558 1912 1645 1947 ferri

147 1975 320 2010 habuisti.

242 2037 261 2075 ἓ
291 2033 347 2069 98.
398 2030 553 2075 Aquil.
581 2031 699 2065 Rom.
741 2031 848 2072 §13‚
881 2040 916 2073 p.
943 2030 1007 2072 26,
1034 2031 1054 2065 9
1089 2029 1150 2064 H.:
1192 2030 1521 2071 Διατύπωσις,
1563 2028 1641 2063 de—

147 2091 354 2135 scriptio
394 2090 455 2125 vel
498 2088 811 2131 deformatio,
859 2088 920 2122 ubi
960 2087 1067 2123 rebus
1107 2087 1284 2122 subiectis
1320 2088 1566 2132 personisque
1606 2091 1643 2122 et

147 2150 285 2186 formas
310 2150 413 2194 ipsas
440 2152 476 2183 et
500 2147 648 2182 habitus
676 2147 919 2182 describimus
948 2150 985 2180 et
1011 2146 1255 2190 exprimimus,
1281 2150 1322 2180 ut
1338 2146 1547 2181 Tullius...
1575 2155 1642 2188 pro

146 2208 316 2244 Roscio
343 2208 389 2242 de
417 2207 588 2242 Glaucia:
632 2206 773 2249 ,Nonne
801 2204 908 2240 vobis
933 2204 1045 2247 haec,
1086 2214 1180 2248 quae
1206 2204 1381 2244 audistis,
1422 2204 1538 2239 oculis
1565 2214 1642 2238 cer-

147 2278 235 2303 nere
259 2267 451 2309 videmini,
491 2265 659 2300 iudices?
707 2265 789 2300 Non
815 2264 960 2308 positas
986 2262 1158 2306 insidias,
1200 2273 1272 2297 non
1308 2263 1483 2306 impetum
1511 2272 1641 2306 repen-

146 2327 284 2361 tinum?
310 2336 384 2360 non
412 2329 582 2359 versatur
608 2328 693 2359 ante
718 2324 846 2359 oculos
872 2323 951 2366 ipse
981 2322 1160 2357 Glaucia?
1188 2342 1230 2346 —
1265 2321 1450 2366 Anonym.
1476 2320 1641 2355 schem.

148 2385 264 2419 dian.
292 2395 328 2428 p.
357 2385 414 2427 75,
441 2384 485 2419 17
511 2383 555 2417 Η.
585 2383 734 2418 Cicero:
773 2392 907 2424 ,nonne
935 2380 1042 2416 vobis
1069 2380 1162 2415 haec
1191 2390 1286 2424 quae
1314 2380 1468 2414 audistis
1495 2389 1642 2414 cernere

147 2444 264 2479 oculis
298 2442 471 2478 videmini
499 2462 542 2466 —
569 2452 641 2476 non
674 2441 817 2485 positas
857 2439 1035 2475 insidias?
1061 2450 1134 2474 non
1174 2439 1347 2482 impetum
1387 2439 1642 2482 repentinum?

146 2513 220 2537 non
246 2505 418 2536 versatur
441 2504 526 2535 ante
550 2500 679 2535 oculos
695 2500 730 2533 in
749 2499 865 2534 caede
882 2498 1070 2532 Glaucia?‘
1098 2518 1140 2523 —
1168 2497 1388 2532 Arusian.
1415 2498 1545 2532 Mess.
1573 2497 1642 2532 VII

147 2570 182 2605 p.
207 2561 287 2603 462,
315 2561 359 2596 23
387 2558 459 2594 Cic.
489 2570 555 2603 pro
581 2558 687 2593 Ros.
716 2558 763 2600 ‚in
791 2568 898 2592 curru
923 2557 1084 2592 collocat
1106 2556 1441 2591 Automedontem‘.

243 2618 362 2652 Schol.
393 2617 455 2652 Gr.

241 2677 337 2719 Kap.
363 2675 501 2710 XXXV
527 2678 546 2716 ἓ
572 2676 628 2711 98.
677 2673 1087 2717 Automedontem]
1126 2672 1365 2708 Automedon
1392 2670 1547 2705 Achillis
1576 2679 1638 2703 au-

146 2734 229 2779 riga
254 2734 333 2770 fuit.
382 2735 630 2779 Posteaquam
656 2733 822 2768 Achilles
850 2734 1044 2767 Hectorem
1070 2732 1169 2775 vicit,
1196 2731 1322 2775 posuit
1347 2730 1512 2773 aurigam
1537 2739 1641 2763 suum

147 2794 184 2829 in
211 2804 328 2837 curru,
355 2797 394 2829 ut
419 2793 488 2828 iret
513 2796 551 2828 et
579 2792 766 2828 nuntiaret
791 2792 952 2827 occisum
971 2791 1176 2826 Hectorem.
1213 2788 1321 2824 Modo
1347 2787 1477 2822 alludit
1495 2786 1639 2823 Cicero:
