1820 3068
526 133 596 167 Pro
624 132 705 168 Sex.
733 133 871 168 Roscio
898 145 927 169 c.
955 135 1000 169 4ss
1027 138 1046 176 ἓ
1076 135 1271 170 ’13’1-’132.
1594 133 1646 174 75

156 245 274 286 Sulla
317 243 584 285 commisisse.
652 244 795 285 Placet
840 244 965 297 igitur
1007 245 1046 285 in
1096 245 1159 285 his
1204 245 1327 286 rebus
1372 242 1529 296 aliquid
1574 243 1646 283 1111-
1664 248 1713 272 131

154 310 374 365 prudentia
403 310 652 364 praeteriri?
709 310 801 351 Non
834 312 992 364 placet,
1038 310 1216 363 iudices,
1260 311 1334 351 sed
1365 323 1538 351 necesse
1572 314 1645 350 est.

155 377 317 418 Etenim
346 377 380 418 si
411 376 598 430 Iuppiter
641 376 820 430 optimus
866 377 1091 428 maximus,
1135 377 1249 418 cuius
1279 380 1378 417 nutu
1410 382 1448 417 et
1478 376 1648 416 arbitrio

156 444 328 495 caelum,
360 448 470 484 terra
499 443 712 496 mariaque
742 448 960 496 reguntur,
1002 456 1128 497 saepe
1167 443 1301 484 ventis
1331 442 1649 484 vehementiori-

155 510 231 552 bus
264 514 335 550 aut
364 509 647 550 immoderatis
690 509 1008 563 tempestatibus
1046 513 1117 550 aut
1154 509 1280 550 nimio
1313 510 1451 550 calore
1493 512 1562 549 aut
1591 509 1648 548 in-

154 576 361 618 tolerabili
393 576 549 629 frigore
581 575 817 617 hominibus
849 577 1001 628 nocuit,
1034 577 1157 617 urbes
1189 576 1353 628 delevit,
1387 575 1529 628 fruges
1558 588 1648 628 per-

155 642 272 695 didit,
303 656 474 696 quorum
508 642 610 683 nihil
642 643 814 696 pernicii
848 657 974 684 causa
1006 643 1147 684 divino
1179 643 1367 693 consilio,
1400 641 1473 682 sed
1497 641 1536 682 vi
1559 642 1651 694 ipsa

155 714 195 752 et
225 709 510 762 magnitudine
556 722 690 750 rerum
723 709 877 750 factum
909 714 1122 763 putamus,
1172 714 1214 750 at
1245 713 1389 751 contra
1420 707 1650 759 commoda,

153 775 300 829 quibus
325 775 487 825 utimur,
519 776 749 829 lucemque,
782 789 864 828 qua
893 776 1077 829 fruimur,
1110 776 1395 830 spiritumque,
1427 788 1548 828 quem
1580 774 1650 815 du-

155 842 297 892 cimus,
330 842 383 883 ab
414 855 462 883 eo
494 843 613 884 nobis
646 843 736 884 dari
768 848 891 895 atque
923 842 1125 897 impertiri
1159 843 1366 893 videmus,
1400 841 1497 895 quid
1529 841 1651 881 mira-

154 922 265 961 mur,
312 909 488 961 111111003,
536 909 580 950 L.
611 909 792 961 Sullam,
837 923 927 951 cum
968 910 1081 951 solus
1119 923 1205 951 rem
1247 910 1457 964 publicam
1489 912 1653 962 regeret

154 976 379 1028 orbemque
410 980 611 1016 terrarum
643 977 897 1029 gubernaret
928 977 1175 1030 imperiique
1205 977 1485 1026 maiestatem,
1528 988 1650 1027 quam

155 1042 281 1082 armis
326 1047 562 1096 receperat,
609 1043 773 1096 legibus
815 1042 1098 1095 confirmaret,
1145 1043 1286 1095 aliqua
1317 1042 1650 1083 animadvertere

154 1121 235 1148 non
267 1108 484 1163 potuisse?
527 1108 606 1149 nisi
638 1109 715 1150 hoc
747 1109 892 1150 mirum
925 1114 1008 1162 est,
1057 1110 1168 1162 quod
1208 1110 1270 1150 vis
1301 1109 1444 1150 divina
1475 1107 1649 1160 adsequi

154 1188 236 1215 non
266 1174 419 1228 possit,
465 1175 499 1216 si
529 1175 571 1216 id
602 1189 718 1217 mens
764 1176 947 1216 humana
987 1176 1141 1231 adepta
1180 1190 1262 1218 non
1301 1176 1366 1217 sit.
1428 1175 1576 1216 Verum
1608 1178 1718 1216 111132

155 1241 260 1282 haec
289 1241 417 1282 missa
447 1241 621 1295 faciam,
666 1255 772 1296 quae
804 1242 886 1282 iam
918 1242 1030 1283 facta
1060 1248 1173 1295 311111,
1216 1257 1267 1284 ex
1296 1242 1366 1294 iis,
1407 1255 1512 1294 quac
1545 1254 1652 1282 nunc

155 1321 245 1348 cum
277 1307 457 1349 maxime
488 1309 608 1360 fiunt,
655 1322 791 1350 nonne
834 1309 968 1362 quivis
1014 1313 1150 1363 potest
1194 1310 1438 1362 intellegere
1471 1309 1651 1349 omnium

154 1373 424 1416 architectum
470 1379 510 1416 et
538 1376 866 1417 machinatorem
908 1389 1031 1417 unum
1071 1389 1163 1417 esse
1194 1375 1546 1429 Chrysogonum?
1584 1374 1652 1426 qui

154 1440 249 1482 Sex.
281 1441 420 1482 Roscii
450 1455 600 1484 nomen
633 1442 900 1484 deferendum
933 1442 1112 1496 curavit,
1163 1443 1278 1484 0111113
1324 1442 1494 1482 honoris
1526 1455 1654 1483 causa

154 1520 352 1549 accusare
384 1520 428 1549 se
459 1508 565 1550 dixit
595 1509 770 1551 Erucius
802 1541 810 1550 .
845 1542 852 1550 .
886 1541 893 1549 .

635 1576 841 1618 Desunt
872 1590 970 1618 non
1003 1589 1169 1630 pauca

148 1638 283 1681 XLVI
288 1672 460 1682 .....
494 1646 637 1696 aptam
678 1647 718 1684 01
758 1643 918 1685 ratione
958 1643 1206 1698 dispositam
1247 1654 1291 1684 se
1325 1641 1479 1684 habere
1513 1641 1651 1683 existi-

244 1819 386 1854 Teste'm.
413 1824 479 1855 vet.

242 1881 260 1919 ξ
289 1881 369 1915 131.
419 1881 497 1915 Iul.
525 1880 674 1916 Rufin.
702 1892 737 1925 p.
765 1884 827 1925 45,
859 1885 899 1919 10
924 1883 967 1917 Η.
1018 1883 1063 1917 Ε1
1090 1883 1220 1917 Cicero
1247 1892 1313 1926 pro
1340 1882 1522 1916 Roscio
1555 1892 1652 1916 00111-

147 1941 255 1980 parat
281 1939 546 1982 occupationes
575 1941 672 1975 Iovis
699 1941 825 1984 optimi
852 1941 998 1975 maximi
1025 1940 1148 1975 Sullae
1176 1940 1285 1975 rebus
1312 1941 1428 1985 gestis
1459 1941 1622 1984 propius.

243 2007 354 2042 Gell.
382 2010 413 2051 9,
438 2011 553 2053 14,19
580 2010 624 2045 Μ.
652 2021 798 2055 quoque
816 2011 956 2045 Tullius
981 2011 1016 2045 in
1043 2012 1224 2054 oratione,
1253 2021 1325 2055 qua
1351 2010 1500 2044 Sextum
1528 2010 1646 2044 Ros-

148 2065 264 2099 cium
291 2066 472 2111 defendit,
501 2069 705 2111 pernicii
731 2070 906 2114 scriptum
933 2070 1088 2114 reliquit.
1140 2069 1264 2104 Verba
1290 2069 1382 2104 haec
1410 2073 1512 2103 sunt:
1539 2069 1647 2110 ,Quo-

149 2134 227 2158 rum
254 2125 341 2159 nihil
369 2127 520 2170 pernicii
548 2138 661 2163 causa
687 2128 811 2163 divino
839 2129 1010 2170 consilio,
1043 2129 1107 2163 sed
1142 2129 1176 2162 vi
1211 2129 1293 2172 ipsa
1328 2132 1365 2162 et
1399 2127 1649 2172 magnitudine

151 2193 270 2217 rerum
307 2183 444 2219 factum
480 2189 676 2229 putamus‘.
718 2207 760 2211 —
801 2187 977 2222 Charis
1005 2198 1037 2231 p.
1067 2189 1127 2229 69,
1160 2189 1201 2223 10
1237 2187 1504 2230 ,pernicies
1542 2197 1657 2221 causa

149 2242 362 2286 genetivum
390 2245 535 2289 extulit;
564 2245 610 2280 cf.
640 2249 801 2290 excerpt.
830 2256 874 2280 ex
902 2245 1039 2281 Charis.
1069 2257 1103 2290 p.
1131 2247 1209 2288 547,
1236 2246 1291 2282 26.
1320 2266 1360 2269 —
1390 2246 1497 2281 Non.
1524 2256 1557 2289 p.
1572 2246 1652 2287 486,

151 2302 195 2337 27
221 2301 416 2337 Pernici
447 2315 512 2348 pro
528 2305 706 2348 perniciei
724 2306 767 2339 M.
787 2305 878 2339 Tull.
907 2316 940 2349 p.
959 2304 993 2339 S.
1009 2305 1051 2339 R.
1078 2316 1242 2349 ,quorum
1270 2304 1355 2338 1111111
1375 2304 1513 2348 pernici
1540 2314 1653 2338 causa

151 2359 276 2395 divino
304 2362 460 2397 consilio
489 2366 527 2397 et
543 2367 583 2398 ut
603 2363 718 2408 (legez
746 2364 810 2399 sed
838 2364 887 2406 vi)
914 2364 997 2408 ipsa
1023 2374 1066 2398 ac
1092 2363 1345 2408 magnitudine
1371 2374 1489 2398 rerum
1515 2362 1652 2398 factum

152 2422 301 2463 putem‘.

247 2478 367 2513 Schol.
399 2479 462 2514 G-r.

248 2540 266 2578 ἓ
296 2538 372 2572 131.
423 2537 539 2579 Quid
566 2539 797 2582 miramur,
825 2540 1038 2585 iudices]
1068 2540 1178 2574 Venit
1204 2540 1251 2573 ad
1285 2540 1421 2574 Sullam
1457 2545 1493 2575 et
1527 2540 1651 2575 tacuit.

154 2594 279 2629 Noluit
304 2606 455 2631 servare
485 2599 816 2642 comparationem„
844 2599 931 2643 quia
958 2600 1029 2633 scit
1054 2596 1315 2643 figur-mamm)
1347 2609 1438 2634 esse.

249 2666 295 2699 In
322 2666 424 2701 vico
451 2666 715 2713 Pallacine]
746 2670 879 2712 Locus,
908 2668 969 2703 ubi
996 2673 1194 2704 cenaverat
1220 2669 1460 2707 Rosciusffl).

254 2795 308 2834 la)
336 2796 437 2833 Vulg.
465 2797 624 2835 figurata3
652 2798 870 2837 figuratus
889 2811 930 2827 z
949 2799 1117 2835 ‚verstellt,
1144 2799 1262 2828 anders
1289 2797 1443 2834 11011101111ι
1471 2798 1652 2835 gebrancht

157 2841 214 2873 der
240 2842 351 2875 Schol,
378 2844 465 2875 auch
490 2854 521 2884 p.
552 2848 636 2883 419,
665 2848 705 2878 13
735 2848 790 2879 Or.
845 2864 887 2867 —
964 2846 1017 2886 111)
1045 2845 1168 2876 Iordan
1193 2845 1331 2875 Hermes
1357 2845 1389 2874 11
1415 2855 1445 2884 p.
1474 2848 1535 2876 80:
1573 2845 1653 2883 ,Nur
