1820 3068
578 126 649 160 Pro
675 125 759 163 Sex.
785 129 923 163 Roscio
950 139 979 164 c.
1007 131 1027 166 3
1056 132 1074 170 ἓ
1103 131 1206 165 6-8.
1586 134 1639 175 ‘23

145 237 305 280 cionem
353 250 516 279 omnem
559 241 792 292 metumque
837 238 1016 290 tollatis3
1065 253 1158 281 sese
1198 240 1278 282 hoc
1316 241 1510 282 incolumi
1558 256 1639 284 non

145 305 368 346 arbitratur
403 304 524 346 huius
571 304 803 346 innocentis
840 305 1135 359 patrimonium
1173 311 1258 347 tam
1290 308 1472 360 amplum
1503 312 1543 348 et
1572 321 1639 350 co-

145 371 308 425 piosum
351 384 479 424 posse
524 371 754 423 obtinere3,
780 372 976 413 damnato
1013 377 1053 413 et
1091 372 1224 413 eiecto
1255 378 1397 426 sperat
1428 387 1472 415 se
1503 387 1639 427 posse,

145 437 255 491 quod
287 437 464 491 adeptus
496 442 558 479 est
589 451 664 492 per
695 439 844 491 scelus,
875 438 917 479 id
947 452 1022 492 per
1051 438 1259 479 luxuriam
1285 439 1495 481 effundere
1519 445 1641 493 atque

146 516 404 545 consumere.
451 503 572 545 Hunc
601 504 680 545 sibi
713 517 765 545 ex
796 505 934 545 animo
966 505 1216 559 scrupulum,
1248 505 1317 557 qui
1348 518 1392 546 se
1424 506 1512 547 dies
1545 520 1640 548 noc-

143 575 290 622 tesque
320 570 506 611 stimulat
535 583 585 611 ac
614 571 779 624 pungit,
820 577 863 612 ut
893 570 1340 625 evellatis,’postulat,
1372 576 1416 612 ut
1449 572 1501 613 ad
1534 572 1642 614 hanc

144 649 262 677 suam
293 636 494 690 praedam
533 641 618 678 tam
656 637 861 679 nefariam
893 637 1105 678 adiutores
1142 650 1217 678 vos
1247 637 1537 691 profiteamini.
1597 638 1672 680 Si⁷

142 703 263 745 vobis
293 716 431 756 aequa
460 708 499 745 et
519 703 696 745 honesta
732 704 957 757 postulatio
989 703 1163 755 videtur,
1195 704 1366 756 iudices,
1398 717 1477 757 ego
1500 710 1643 745 contra

146 771 313 811 brevem
346 770 670 824 postulationem
701 770 848 812 adfero
880 774 937 823 et,
983 783 1063 823 quo
1108 771 1233 812 modo
1263 771 1363 811 mihi
1394 771 1642 825 persuadeo,

144 836 361 889 aliquanto
392 837 645 889 aequiorem.

253 903 328 943 III.
388 902 570 943 Primum
602 916 627 944 a
653 903 929 958 Chrysogono
962 907 1071 957 peto,
1104 907 1146 943 ut
1176 903 1354 957 pecunia
1384 903 1643 957 fortunisque

143 969 297 1010 nostris
315 973 531 1010 contentus
550 970 615 1021 sit,
634 970 880 1023 sanguinem
894 970 1072 1011 etvitam
1090 974 1285 1023 nepetat,
1305 969 1455 1010 deinde
1474 970 1641 1022 avobis,

142 1035 315 1085 iudices,
346 1039 389 1076 ut
406 1035 627 1076 audacium
647 1037 795 1078 sceleri
813 1036 1031 1087 resistatis,
1063 1036 1343 1077 innocentium
1363 1037 1642 1078 calamitatem

113 1101 290 1144 -levetis
321 1106 360 1142 et
387 1101 428 1142 in
460 1115 589 1143 causa
618 1102 716 1144 Sex.
746 1103 884 1144 Roscii
917 1103 1159 1157 perieulum,
1193 1102 1305 1156 quod
1336 1102 1377 1143 in
1409 1116 1551 1144 omnes
1583 1103 1641 1143 in-

142 1168 347 1221 tenditur,
395 1169 662 1222 propulsetis.
694 1170 882 1219 ‚Quodsi
928 1174 999 1210 aut
1038 1182 1165 1210 causa
1211 1169 1393 1210 criminis
1440 1174 1511 1210 aut
1544 1169 1643 1211 facti

143 1235 327 1289 suspicio
358 1238 429 1276 aut
457 1235 669 1288 quaelibet
685 1236 865 1289 denique
883 1237 949 1277 vel
968 1236 1139 1277 minima
1157 1249 1223 1277 res
1248 1235 1488 1290 reperietur,
1520 1249 1643 1289 quam

1658 1166 1673 1189 8

241 1398 384 1432 Testz'm.
410 1401 477 1432 vet.

240 1460 258 1499 ξι
288 1459 320 1493 7.
371 1456 550 1492 Schem.
578 1456 696 1492 dian.
723 1467 758 1500 p.
787 1459 842 1500 74,
874 1458 918 1493 18
945 1456 1006 1491 H.:
1034 1455 1244 1502 Σύγκρισις
1271 1460 1346 1500 est,
1375 1466 1469 1500 quae
1496 1456 1645 1491 collatio

144 1516 295 1559 dicitur,
332 1526 413 1550 cum
440 1516 717 1560 comparatione
753 1515 912 1560 quadam
953 1516 1141 1551 iustiorem
1168 1526 1317 1550 causam
1345 1520 1509 1550 nostram
1537 1525 1645 1560 quam

142 1574 346 1610 adversarii
373 1575 684 1618 demonstramus,
710 1579 749 1610 ut
776 1576 904 1610 Cicero
931 1576 967 1609 in
992 1575 1256 1610 Rosciana:
1291 1575 1382 1618 ,Ego
1410 1579 1538 1609 contra
1563 1574 1645 1609 bre-

143 1645 223 1669 vem
257 1634 546 1678 postulationem
582 1634 711 1669 adfero
750 1639 804 1678 et,
850 1634 1037 1679 quomodo
1064 1634 1150 1669 mihi
1185 1634 1416 1677 persuadeo,
1454 1634 1645 1678 aliquanto

142 1693 354 1738 aequiorem
384 1693 488 1735 (cod.
511 1694 596 1728 Par.
624 1693 885 1736 velociorem).

237 1752 357 1787 Schol.
387 1752 451 1787 Gr.

235 1812 472 1846 Damnato
501 1815 545 1846 et
571 1810 733 1845 eiecto
751 1810 804 1855 6)]
833 1811 942 1845 Modo
971 1814 1141 1845 movetur
1168 1809 1359 1853 quaestio:
1396 1809 1432 1844 Si
1459 1810 1645 1854 parricida

141 1871 178 1905 in
205 1870 349 1905 culeum
376 1871 513 1914 suitur,
548 1879 662 1913 quare
700 1870 789 1904 dicit
825 1870 1011 1904 eiecto?
1061 1869 1154 1911 Quia
1180 1868 1338 1903 oratoris
1365 1873 1422 1904 est
1447 1870 1563 1905 minus
1592 1869 1643 1904 di—

142 1940 226 1965 cere
252 1940 412 1974 poenam
439 1929 502 1972 rei,
530 1934 569 1963 ut
596 1929 696 1963 dicat
722 1928 891 1963 exsilium
904 1930 954 1971 ἶ).

235 1991 254 2030 ἓ
281 1990 313 2024 7.
365 1988 458 2033 Ego
500 1992 664 2022 contra
698 1987 887 2022 brevem
921 1986 1300 2030 postulationem
1338 1985 1505 2031 affero]
1540 1986 1642 2021 Illius

139 2046 344 2091 postulatio
362 2049 412 2090 Β),
441 2047 527 2091 quia
553 2046 788 2091 indignanter
812 2046 936 2090 posita
962 2044 1094 2088 fuerat,
1121 2044 1303 2079 invidiose
1330 2045 1475 2079 locutus
1504 2049 1574 2079 est.

234 2105 329 2149 Καρ.
356 2106 423 2140 ΠΙ.
471 2105 671 2139 Primum
699 2115 720 2139 a
748 2103 1067 2148 Chrysogono]
1104 2102 1272 2138 Ostendit
1299 2102 1502 2146 potentiam
1528 2101 1640 2147 Chry-

139 2165 272 2209 sogoni
299 2168 337 2199 et
362 2164 398 2198 in
428 2174 597 2208 magnam
626 2155 800 2198 invidiam
829 2163 980 2197 adducit
1007 2162 1257 2196 adversarium
1285 2161 1530 2205 supplicando
1556 2162 1640 2205 ipsi.

234 2224 312 2265 §8.
362 2223 493 2265 Quod
520 2223 558 2258 si
593 2226 670 2256 aut
697 2232 839 2257 causa
877 2222 1103 2265 criminis]
1142 2220 1320 2255 Iudicium
1356 2219 1477 2255 bonae
1504 2230 1640 2255 causae

141 2292 223 2317 esse
249 2281 376 2323 voluit,
404 2281 503 2326 quod
529 2281 767 2325 sponsionem
794 2281 978 2326 quandam
1005 2280 1104 2324 apud
1130 2279 1269 2314 iudices
1291 2279 1413 2313 facere
1435 2289 1548 2314 ausus
1572 2284 1639 2322 est,

139 2345 179 2374 ut
203 2340 263 2375 vel
288 2341 388 2375 tenui
415 2346 633 2385 argumento
660 2340 851 2375 convictus
879 2339 1150 2374 damnationem
1171 2338 1329 2374 criminis
1346 2348 1418 2372 non
1434 2342 1581 2373 recuset
1598 2340 1638 2383 ¹).

136 2401 226 2435 Item
252 2399 323 2434 tria
348 2400 628 2435 considerantur
653 2400 689 2434 in
721 2399 944 2441 coniectura,
973 2408 1097 2442 causa,
1124 2406 1292 2442 persona,
1323 2396 1474 2432 factum.

235 2558 270 2599 6)
296 2559 397 2597 Vulg.
425 2560 622 2589 damnatum
660 2563 691 2588 et
729 2558 888 2596 eiectum,
929 2558 1015 2587 doch
1054 2558 1112 2587 hat
1138 2558 1176 2587 B.
1216 2556 1276 2586 mit
1301 2556 1407 2586 Reeht
1440 2556 1527 2585 nach
1564 2556 1639 2584 dom

138 2606 314 2645 folgenden
342 2606 445 2636 eiecto
470 2607 557 2636 auch
590 2606 649 2636 das
676 2606 816 2635 Lemma
849 2606 1019 2643 ge'andert..
1048 2622 1090 2626 -
1146 2604 1180 2644 Τ)
1206 2605 1244 2634 Β.
1271 2609 1307 2633 ut
1331 2603 1386 2633 hie
1413 2610 1465 2633 cat
1492 2602 1526 2632 in
1552 2601 1639 2632 exsi-

138 2652 231 2683 lium.
249 2671 291 2674 —
333 2653 367 2693 8)
395 2654 497 2691 Vulg.
526 2651 897 2694 postulationem]
926 2654 1037 2683 Affcrt
1061 2650 1169 2683 illius:
1196 2649 1351 2691 affero]
1382 2650 1475 2679 Illius
1502 2650 1576 2679 seh.
1595 2666 1636 2669 —

140 2700 175 2739 1)
201 2705 368 2730 recuset
392 2701 478 2730 habe
504 2700 558 2730 ich
583 2700 765 2731 emendIert
790 2702 877 2731 nach
903 2701 966 2730 den
984 2699 1123 2730 Worten
1140 2698 1272 2729 Ciceros
1289 2707 1355 2727 non
1380 2706 1637 2733 recusamus,

138 2747 219 2787 quin
247 2752 325 2783 etc.,
352 2748 454 2786 Vulg.
482 2752 669 2777 excuset.
696 2747 734 2778 E.
761 2759 791 2788 p.
823 2751 880 2778 19:
909 2748 1019 2787 ,quod‘
1046 2755 1114 2775 non
1139 2751 1187 2775 est
1212 2745 1411 2775 mutandum
1436 2744 1469 2773 in
1494 2752 1638 2782 quare,

138 2795 195 2824 sed
219 2794 267 2825 ita
292 2794 541 2834 explicandum,
568 2794 601 2824 id
627 2804 671 2825 ex
696 2804 735 2825 eo
761 2801 916 2835 apparet,
943 2794 1033 2834 quod
1063 2817 1093 2824 ..
1113 2816 1131 2831 .,
1160 2802 1219 2832 pro
1247 2796 1427 2822 excuset
1452 2795 1564 2821 autem
1589 2799 1638 2820 re-

139 2841 291 2872 stitutum
309 2841 456 2882 oportuit
480 2847 664 2872 recuset.
