1820 3068
513 112 584 149 Pro
613 114 694 150 Sex.
721 113 858 149 Roscio
885 125 914 148 c.
941 113 985 150 26
1013 117 1031 155 ἓ
1056 112 1206 150 70—71.
1560 113 1611 155 231

120 239 187 269 res
218 229 382 267 nostros
412 238 493 266 non
524 224 648 266 modo
679 224 805 264 armis
835 224 928 278 plus
959 237 1082 276 quam
1114 227 1275 264 ceteras
1304 222 1516 273 nationes,
1546 236 1612 263 ve-

121 306 210 334 rum
241 292 365 334 etiam
398 289 572 332 consilio
609 289 899 344 sapientiaque
931 289 1137 342 potuisse,
1170 293 1254 330 tum
1286 302 1338 329 ex
1367 288 1447 329 hac
1476 301 1519 328 re
1549 289 1615 328 vel

121 359 325 411 maxime,
372 356 482 410 quod
529 356 570 396 in
614 356 764 410 impios
810 355 1022 408 singulare
1065 356 1313 408 supplicium
1358 355 1615 395 invenerunt.

121 424 215 474 Qua
243 424 285 464 in
316 436 359 464 re
390 426 587 475 quantum
625 421 847 474 prudentia
882 422 1165 475 praestiterint
1194 421 1266 474 iis,
1306 420 1374 473 qui
1406 420 1517 474 apud
1551 433 1614 460 ce-

120 494 231 531 teros
262 488 557 542 sapientissimi
580 487 709 528 fuisse
731 487 933 537 dicuntur,
965 487 1238 528 considerate.
1285 485 1645 526 Prudentissima:

121 555 268 598 civitas
291 553 620 605 Atheniensium,
652 553 748 594 dum
780 566 830 594 ea
852 566 988 593 rerum
1010 554 1142 608 potita
1164 558 1237 604 est,
1270 552 1398 593 fuisse
1421 551 1614 601 traditur,

120 622 209 664 eius
253 633 379 675 porro
426 619 606 661 civitatis
651 619 1004 672 sapientissimum
1047 619 1243 660 Solonem
1289 617 1431 658 dicunt
1474 617 1615 668 fuisse,

121 702 227 740 eum,
258 686 327 740 qui
351 687 481 739 leges,
512 686 660 738 quibus
690 685 813 726 hodie
835 698 999 737 quoque
1024 690 1203 736 utuntur,
1237 683 1416 737 scripsit.
1462 683 1502 723 Is
1526 695 1617 723 cum

119 754 469 806 interrogaretur,
514 765 585 792 cur
623 752 778 792 nullum
818 752 1068 805 supplicium
1108 750 1391 792 constituisset
1432 748 1473 789 in
1511 762 1616 799 eum,

122 820 191 872 qui
229 823 444 873 parentem
484 822 700 870 necasset,
745 818 962 871 respondit
1003 830 1047 858 se
1086 816 1129 857 id
1168 816 1375 857 neminem
1413 815 1617 855 facturum

120 890 305 940 putasse.
362 883 583 939 Sapienter
614 883 766 925 fecisse
799 884 966 936 dicitur,
1000 897 1089 925 cum
1121 882 1172 924 de
1204 896 1252 924 eo
1283 881 1387 922 nihil
1420 880 1618 931 sanxerit,

121 951 232 1006 quod
263 955 387 991 antea
419 951 683 992 commissum
715 963 797 991 11011
829 954 929 1002 erat,
960 963 1011 991 ne
1038 963 1119 990 non
1147 955 1231 990 tam
1252 948 1475 1002 prohibere
1496 960 1618 999 quam

121 1018 346 1059 admonere
386 1017 608 1058 videretur.
669 1016 834 1065 Quanto
874 1017 1003 1057 nostri
1040 1015 1219 1056 maiores
1260 1013 1509 1068 sapientius!
1551 1013 1619 1065 qui

122 1097 213 1126 cum
243 1084 536 1135 intellegerent
565 1082 668 1123 nihil
694 1095 786 1123 esse
813 1086 898 1123 tam
920 1086 1122 1133 sanctum,
1155 1080 1265 1133 quod
1286 1094 1368 1122 non
1392 1079 1620 1132 aliquando

118 1151 296 1192 violaret
324 1148 516 1199 audacia,
550 1148 799 1202 supplicium
833 1148 874 1189 111
898 1148 1131 1202 parricidas
1162 1147 1374 1200 singulare
1408 1146 1618 1199 excogita-

121 1219 288 1268 verunt,
326 1220 370 1256 ut
398 1227 501 1268 quos
532 1219 681 1255 natura
710 1215 805 1268 ipsa
834 1215 1009 1255 retinere
1040 1214 1080 1254 in
1115 1213 1254 1255 officio
1291 1226 1373 1254 non
1404 1212 1619 1266 potuisset,

121 1281 409 1335 magnitudine
447 1293 608 1334 poenae
646 1293 672 1321 a
712 1280 918 1322 maleficio
957 1284 1327 1322 summoverentur.
1399 1278 1511 1319 Insui
1550 1291 1620 1318 vo-

120 1349 284 1390 luerunt
313 1348 354 1388 in
385 1347 562 1388 culleum
593 1347 712 1388 vivos
743 1352 866 1400 atque
896 1347 959 1388 ita
988 1347 1029 1387 in
1060 1345 1211 1387 flumen
1243 1346 1362 1388 deici.

81 1464 83 1466 ι
230 1413 388 1455 XXVI.
434 1412 468 1454 O
500 1412 756 1466 singularem
786 1413 1049 1467 sapientiam,
1080 1412 1262 1454 iudices!
1299 1411 1447 1452 Nonne
1479 1409 1651 1451 viden-7

122 1484 187 1522 tur
222 1480 331 1522 hunc
371 1478 579 1521 hominem
619 1493 671 1520 ex
710 1493 847 1521 rerum
884 1484 1034 1521 natura
1071 1479 1290 1520 sustulisse
1327 1482 1367 1519 et
1404 1476 1620 1530 eripuisse,

219 1611 362 1646 Testim.
388 1614 454 1646 vet.

219 1670 338 1705 Scleol.
369 1670 432 1704 Gr.
483 1669 699 1705 Solonem
726 1669 896 1714 dicunt]
937 1668 1051 1705 Solon
1085 1668 1232 1713 quidam
1258 1667 1498 1703 Atheniensis
1533 1665 1622 1709 fuit3

122 1728 184 1764 hic
210 1729 331 1773 legum
356 1729 537 1764 inventor.

220 1791 239 1830 ἓ
268 1789 323 1824 70.
374 1787 503 1822 Insui
540 1787 584 1820 in
623 1786 818 1822 culleum
853 1787 1004 1831 vivos]
1041 1786 1108 1821 Hic
1143 1786 1246 1821 locus
1282 1794 1305 1818 a
1340 1784 1476 1819 criticis
1500 1794 1622 1828 repre-

123 1846 262 1881 hensus
288 1850 362 1889 est3
394 1845 490 1880 hunc
517 1850 638 1880 autem
666 1846 785 1880 locum
815 1845 903 1880 alibi
930 1845 1058 1880 laudat
1085 1845 1226 1880 Cicero.
1276 1843 1471 1879 Sciendum
1503 1847 1623 1878 tamen

125 1909 195 1949 est,
224 1905 310 1949 quia
334 1906 369 1939 in
397 1904 467 1940 hoc
493 1904 614 1948 capite
633 1914 751 1948 genus
778 1904 922 1939 dicendi
949 1904 1062 1938 altum
1091 1907 1166 1947 est;
1193 1907 1329 1938 tractat
1351 1903 1444 1936 enim
1473 1902 1518 1936 de
1539 1912 1624 1946 sup-

124 1964 235 2009 plicio
260 1963 536 2008 parricidarum.
1409 1981 1412 1984 ·

218 2022 314 2066 Kap.
341 2021 464 2057 XXVI
492 2025 510 2062 §
537 2022 593 2057 71.
643 2021 706 2055 Ex
732 2021 899 2066 quibus
934 2020 1083 2056 omnia
1109 2024 1218 2054 nata
1252 2029 1356 2054 esse
1384 2018 1621 2062 dicuntur]

126 2080 194 2122 Qui
214 2084 404 2124 parentem
422 2080 715 2124 persequiturl),
742 2084 894 2115 naturae
919 2080 1000 2114 iura
1018 2079 1140 2114 solvit.
1180 2078 1336 2113 Constat
1358 2088 1427 2112 nos
1455 2087 1476 2112 a
1494 2087 1623 2121 paren-

126 2138 224 2174 tibus
251 2139 391 2174 nutriri.
432 2139 469 2173 Si
497 2139 558 2183 qui
584 2143 704 2174 autem
724 2142 897 2182 parentes
916 2142 1062 2180 necant,
1089 2136 1305 2181 parentibus
1332 2135 1469 2170 debent
1487 2145 1623 2170 carere.

125 2199 180 2232 Ex
209 2202 384 2242 quattuor
409 2197 600 2233 elementis
632 2201 805 2232 constare
839 2197 961 2232 omnia
987 2197 1114 2231 notum
1142 2200 1217 2238 est,
1257 2195 1358 2238 aere,
1391 2195 1487 2239 igni,
1514 2204 1622 2238 aqua,

126 2260 243 2301 tcrra3
269 2256 325 2292 his
356 2256 465 2291 etiam
488 2257 674 2292 nutrimur.
716 2257 813 2301 Ergo
839 2256 922 2291 ideo
949 2256 1100 2290 voluere
1126 2255 1283 2289 maiores
1309 2253 1623 2297 parricidas2)

126 2316 222 2350 insui
248 2315 388 2359 culleis,
415 2319 454 2350 ut
481 2319 648 2350 carerent
675 2320 770 2356 aere,
798 2320 907 2358 terra,
935 2315 1021 2359 igni,
1049 2323 1158 2358 aqua,
1186 2323 1279 2357 quae
1308 2313 1486 2348 nutrirent
1510 2311 1624 2345 homi-

126 2385 219 2416 nem,
246 2384 352 2418 quem
380 2374 427 2408 ad
453 2375 599 2409 modum
625 2378 809 2419 parentes.
858 2374 948 2407 Nam
977 2374 1038 2417 qui
1068 2377 1239 2417 parentes
1266 2376 1395 2413 necat,
1423 2370 1537 2405 debet
1562 2380 1623 2405 va-

127 2434 259 2477 caress)
289 2433 513 2477 parentibus,
539 2433 576 2468 id
602 2437 659 2468 est
685 2433 886 2477 elementis,
916 2442 1010 2476 quae
1035 2443 1103 2467 nos
1129 2431 1301 2466 nutriunt.

224 2539 259 2580 1)
282 2540 309 2570 P
320 2549 383 2570 ers
394 2550 410 2570 e
420 2538 491 2580 qui
506 2551 549 2568 z
564 2539 735 2577 verfolgen
752 2539 839 2569 steht
852 2538 925 2569 hier
938 2538 984 2569 im
1000 2537 1300 2579 euphemistischcn
1315 2536 1416 2568 Sinne
1435 2537 1484 2566 fiir
1497 2544 1623 2566 nccare.

127 2586 167 2617 B.
185 2587 347 2617 verkennt
371 2589 435 2617 den
451 2586 534 2617 Sinn
558 2586 663 2617 dieses
679 2586 802 2624 Satzes,
826 2596 922 2616 wenn
948 2596 983 2616 er
1008 2586 1151 2616 schreibt
1174 2595 1269 2625 pros
1282 2584 1432 2623 equitii
1442 2593 1458 2613 r
1482 2584 1549 2612 und
1576 2592 1624 2611 er-

127 2634 231 2664 klart:
271 2644 378 2664 sermo
403 2639 515 2665 autem
540 2635 580 2663 de
606 2635 719 2664 funere
745 2633 891 2673 parentis
917 2635 1068 2664 ducendo
1092 2638 1148 2663 est.
1199 2633 1267 2662 Fiir
1291 2631 1465 2671 persolvit,
1498 2631 1557 2659 das
1584 2629 1622 2660 G.

127 2682 196 2711 und
221 2681 277 2713 Gr.
303 2682 424 2719 haben,
453 2680 580 2711 schrieb
606 2680 681 2711 Sch.
708 2681 769 2711 mit
794 2681 900 2711 Recht
925 2681 1033 2711 solvit.
1062 2697 1104 2702 —-
1155 2680 1188 2718 2)
1216 2678 1397 2718 parricidas
1423 2678 1533 2706 wurdc
1558 2686 1624 2705 von

130 2728 205 2759 Sch.
233 2728 411 2767 eingefiigt.
439 2745 482 2750 —
512 2731 546 2765 3)
574 2728 674 2766 Vulg.
702 2728 855 2766 negari
881 2729 960 2758 oder
984 2726 1149 2764 necari,
1176 2726 1343 2756 offenbare
1358 2723 1625 2761 Vcrschreihung

130 2776 234 2805 durch
259 2777 318 2806 das
351 2776 622 2814 vorhergehende
654 2780 751 2805 necat
775 2775 969 2806 veranlasst.
1020 2775 1078 2804 Ich
1101 2773 1187 2804 habe
1221 2781 1375 2802 vacare
1400 2770 1624 2809 gesehrieben,

130 2823 190 2853 das
214 2823 288 2853 dem
316 2822 445 2862 ,necari‘
471 2822 773 2863 palaeographisch
798 2833 853 2853 ain
879 2823 1039 2852 n'achsten
1065 2822 1180 2851 stehen
1208 2820 1325 2850 diii-ste.

1287 2874 1347 2917 4³2
