1945 3073
675 135 820 181 Rapite}
847 136 971 171 XVIII
998 139 1017 177 ἓ
1047 137 1102 172 51.
1581 136 1661 178 233

127 250 400 301 appellantur,
443 249 676 288 Cincinnato
712 251 840 288 viator
884 250 1015 287 attulit
1052 249 1287 287 dictaturam
1325 255 1363 286 et
1400 249 1578 300 quidem,
1623 256 1666 287 ut

126 317 306 365 traditur,
339 316 443 353 nudo
474 316 673 367 plenoque
704 317 877 367 pulveris
909 317 1026 353 etiam
1057 322 1136 352 tum
1159 329 1238 354 ore.
1282 315 1414 353 Ueber
1438 315 1500 352 die
1523 315 1664 353 beiden

125 383 313 420 letzteren
345 396 374 419 s.
408 381 558 421 Colum.
593 382 609 418 1
640 383 764 432 praef.
795 397 832 433 p.
869 385 929 429 17,
962 385 987 420 4
1019 382 1104 432 Bip.
1139 381 1181 418 C.
1213 381 1422 418 Fabricius
1453 381 1662 419 etCurius

127 450 334 498 Dentatus,
367 449 465 486 alter
494 447 649 498 Pyrrho
681 449 824 486 finibus
846 449 985 486 Italiae
1014 448 1141 498 pulso,
1176 448 1331 485 domitis
1363 447 1462 485 alter
1493 447 1664 496 Sabinis,

125 521 305 565 accepta,
352 528 454 566 quae
490 515 635 552 viritim
680 515 981 562 dividebantur,
1033 515 1178 565 captivi
1217 515 1301 564 agri
1333 520 1482 565 septem
1514 515 1663 564 iugera,

124 595 202 618 non
241 581 369 618 minus
413 581 605 619 industrie
642 582 807 619 coluerit
853 594 969 632 quam
1009 581 1163 618 fortiter
1193 581 1312 617 armis
1344 582 1581 631 quaesierat.
1615 603 1663 608 -

124 659 169 687 ex
199 645 352 701 minima]
387 646 676 698 Osenbr'riggen
706 648 925 698 vergleicht
956 648 1127 698 passeud
1161 661 1195 698 p.
1222 647 1330 685 Cael.
1363 647 1388 697 ἓ
1415 648 1558 701 39,,οΧ
1591 646 1665 684 1100

123 727 268 763 genere
312 714 401 751 illos
432 714 638 751 Fabricios
677 728 762 752 esse
802 714 992 765 arbitror,
1041 713 1230 751 Camillos
1271 712 1411 751 Curios
1450 727 1664 764 omnesque

124 780 189 830 qui
219 779 317 817 haec
349 780 447 830 (vgl.
479 779 577 817 iiber
608 780 736 818 dieses
768 781 822 818 oft
853 794 894 817 so
927 780 1170 831 gebrauchte
1208 780 1333 817 haec
1363 795 1418 814 :-
1450 780 1663 830 rempubli—

124 859 208 883 cam
238 846 455 883 Romanam
486 846 678 896 Nagelsb.
721 847 746 897 ξ
778 848 830 885 50
866 847 950 897 fin.)
998 860 1053 884 ex
1099 847 1312 884 minimis
1354 852 1497 884 tanta
1535 846 1663 883 fece-

123 911 252 950 runt‘
284 912 364 949 und
383 912 544 951 Sallust.
577 912 662 950 Cat.
693 915 758 963 52,
794 915 842 951 19
875 913 1009 962 ,nolite
1040 914 1278 950 existumare
1309 915 1476 950 maiores
1508 918 1663 950 nostros

123 979 242 1015 armis
272 978 556 1029 rempublicam
597 992 644 1016 ex
675 993 798 1030 parva
835 993 1057 1029 magnam
1089 980 1229 1017 fecisse
1263 1009 1270 1017 .
1305 1009 1311 1017 .
1350 1009 1357 1017 .
1391 1008 1400 1016 .
1432 979 1511 1016 alia
1539 979 1662 1028 fuere,

123 1059 224 1096 quae
262 1045 351 1082 illos
391 1059 554 1094 magnos
593 1045 722 1083 fecere
763 1075 769 1082 .
804 1079 810 1085 .
845 1075 853 1084 .
895 1046 1020 1083 domi
1060 1046 1337 1096 industria,
1384 1046 1478 1083 foris
1519 1046 1662 1082 iustum

124 1112 343 1162 imperium‘
356 1118 427 1150 etc.
445 1136 490 1139 —
514 1111 637 1166 quibus
656 1109 776 1166 rebus]
806 1111 957 1161 ,Durch
977 1112 1084 1150 diese
1102 1112 1247 1150 beiden
1260 1112 1598 1162 Eigenschaften‘.
1613 1135 1661 1140 —

122 1175 311 1232 auxerunt]
341 1179 437 1215 Zum
469 1178 682 1216 Ausdruck
721 1178 801 1228 vgl.
834 1178 930 1218 Sall.
972 1178 1056 1216 Cat.
1091 1181 1127 1229 6,
1160 1181 1183 1217 3
1227 1179 1312 1227 ,sed
1354 1185 1563 1230 postquam
1600 1192 1662 1216 res

120 1259 254 1282 eorum
287 1245 359 1296 (sc.
389 1245 673 1295 Romanorum)
707 1245 907 1282 civibus
938 1245 1161 1283 moribus
1193 1246 1336 1296 agris
1367 1251 1534 1298 aucta,
1567 1245 1661 1282 satis

120 1324 314 1362 prospera
343 1312 517 1362 satisque
546 1312 702 1362 pollens
732 1311 967 1351 videbatur‘.

230 1377 344 1431 Neque
374 1390 413 1418 eo
442 1407 449 1415 .
478 1375 588 1432 ,([1101
624 1379 743 1416 Diese
773 1377 924 1415 vollere
953 1379 1070 1415 Form
1105 1384 1199 1415 statt
1227 1392 1323 1415 non
1353 1392 1445 1430 quo
1476 1377 1544 1415 hat
1575 1376 1657 1422 Cic,
1691 1378 1715 1427 ξ
1736 1380 1800 1415 51.

122 1444 223 1482 110011
264 1444 423 1493 Quinct.
470 1444 495 1494 ξ
533 1445 556 1481 5
594 1458 689 1482 non
727 1458 778 1482 eo
821 1445 951 1492 dico,
1001 1459 1025 1496 q
1041 1459 1098 1482 uo
1140 1445 1220 1482 und
1260 1458 1321 1495 ep.
1361 1447 1439 1484 Att.
1474 1446 1510 1493 3,
1546 1445 1608 1496 15,
1639 1446 1664 1482 4

121 1525 284 1562 neque
314 1511 412 1548 haec
442 1524 494 1548 eo
535 1510 686 1560 scribo,
727 1525 844 1562 quo,
893 1512 941 1548 cf.
973 1512 1064 1551 Ter.
1097 1512 1242 1550 Heaut.
1275 1512 1352 1549 554
1396 1525 1570 1563 ,neque
1611 1524 1663 1549 eo

121 1591 225 1615 nunc
256 1577 356 1625 dico,
388 1578 506 1628 quo‘,
537 1577 616 1626 vgl.
650 1578 750 1614 auch
780 1591 829 1617 m.
862 1578 1040 1628 Abhdlg.
1073 1578 1122 1616 de
1153 1577 1235 1615 Cic.
1268 1579 1410 1617 elocut.
1442 1593 1480 1629 p.
1511 1580 1576 1618 42.
1607 1601 1660 1605 —

121 1643 244 1684 summi
280 1643 345 1684 viri
385 1643 641 1697 clarissimique
678 1642 855 1696 homines]
908 1644 1224 1695 Ungewohnlich
1266 1646 1316 1681 ist
1359 1645 1444 1683 hier
1494 1644 1663 1681 clarus

121 1711 192 1747 mit
237 1711 374 1748 homo
418 1710 669 1761 verbunden,
719 1724 782 1747 um
824 1711 990 1749 Manner
1034 1725 1082 1748 zu
1122 1711 1384 1762 bezeichnen,
1437 1711 1500 1748 die
1541 1710 1663 1748 durch

121 1777 428 1814 moralische
459 1777 690 1827 Vorziige
726 1777 1013 1829 hervorragen,
1058 1778 1138 1828 vgl.
1168 1778 1216 1817 R.
1248 1777 1356 1816 Com.
1386 1777 1411 1827 ξ
1441 1779 1494 1815 42
1533 1790 1662 1828 ‚quem

120 1850 163 1880 tu
193 1845 225 1881 si
257 1857 305 1881 ex
337 1857 455 1881 censu
485 1849 661 1894 spectaS,
703 1857 822 1895 eques
852 1845 1053 1882 Romanus
1092 1851 1170 1891 est,
1209 1845 1241 1881 si
1272 1858 1331 1882 ex
1361 1845 1484 1891 vita,
1523 1843 1661 1880 homo

122 1910 444 1947 clarissimus
477 1912 560 1957 est‘,
601 1909 712 1949 Orat.
746 1910 804 1946 ΙΙΙ
837 1910 862 1960 ξ
895 1912 945 1949 13
976 1925 1103 1962 ,casus
1143 1911 1545 1948 clarissimorum
1576 1909 1662 1945 ho-

120 1977 299 2013 minum
340 1983 459 2027 atque
504 1977 739 2026 optimorum
769 1978 968 2014 virorum‘.
1028 1978 1147 2015 Denn
1178 1977 1293 2014 homo
1325 1977 1429 2014 steht
1458 1982 1566 2013 sonst
1595 1988 1662 2025 ge-

121 2042 318 2080 wfihnlich
360 2042 422 2080 bei
468 2042 770 2080 schlechten
810 2042 1329 2094 Charaktereigenschaften
1377 2043 1432 2093 (h.
1477 2056 1661 2093 nequam,

122 2107 364 2161 improbus),
410 2108 505 2146 oder
545 2109 608 2146 bei
641 2109 715 2146 den
747 2108 1057 2159 Eigenschaften
1090 2110 1159 2147 der
1188 2109 1376 2147 Geburt
1417 2109 1471 2159 (h.
1502 2108 1660 2158 nobilis,

120 2189 260 2226 novus,
291 2175 524 2226 Romanus),
553 2174 739 2212 wahrend
773 2177 843 2212 vir
872 2190 946 2213 nur
976 2177 1040 2214 bei
1070 2183 1224 2227 guten
1248 2175 1561 2227 Eigenschaften
1594 2175 1661 2212 des

123 2240 440 2279 Charakters
469 2240 549 2278 und
581 2254 683 2278 zwar
708 2241 923 2280 besonders
952 2257 1041 2281 vom
1065 2244 1284 2281 Staatsm
1297 2257 1388 2280 ann
1419 2242 1501 2279 sich
1525 2241 1660 2290 findet,

122 2309 194 2345 wie
217 2308 319 2345 auch
348 2321 397 2344 an
423 2307 727 2346 unsererStelle
761 2308 885 2345 durch
915 2311 1084 2347 summi
1114 2310 1213 2347 viri
1236 2310 1401 2347 Manner
1431 2307 1662 2346 bezeichnet

122 2374 279 2412 werden
310 2375 456 2424 soHen,
503 2374 652 2412 welche
693 2376 808 2412 einen
848 2375 979 2414 hohen
1009 2377 1126 2426 Rang
1166 2377 1217 2413 im
1248 2376 1384 2413 Staate
1420 2374 1658 2424 bekleiden3

122 2440 204 2491 vgl.
236 2441 261 2491 ξ
292 2442 315 2479 6
345 2442 404 2478 vir
436 2440 675 2478 clarissimus
708 2448 745 2479 et
775 2442 1021 2483 fortissimus.
1082 2444 1158 2480 Ein
1198 2443 1362 2480 schones
1391 2441 1566 2491 Beispiel
1597 2440 1660 2476 f'ur

124 2506 257 2545 diesen
288 2506 498 2545 Gebrauch
529 2521 606 2544 von
637 2509 712 2545 vir
742 2509 822 2546 und
854 2509 992 2547 homo
1023 2511 1073 2547 ist
1102 2524 1138 2560 p.
1170 2509 1270 2547 Sest.
1304 2509 1328 2559 ξ
1355 2510 1428 2546 89:
1461 2506 1660 2556 ,Cervices

122 2573 302 2611 tribunus
326 2574 566 2624 pl.privat0,
598 2576 1085 2625 praestantissimus
1115 2577 1189 2612 vir
1220 2573 1657 2626 profligatissimo

124 2638 314 2677 homini
345 2636 501 2678 daret?‘
530 2663 583 2667 —
629 2640 720 2680 omni
756 2643 931 2696 tempore]
984 2643 1038 2679 Es
1080 2643 1128 2679 ist
1168 2641 1522 2687 bemerkenswert,
1569 2638 1658 2675 dass

125 2704 205 2745 Cic.
251 2706 326 2744 den
369 2709 726 2748 umschreibenden
764 2708 977 2746 Ausdruck
1023 2709 1142 2757 ,omni
1185 2709 1387 2758 tempore‘,
1444 2705 1513 2743 der
1557 2705 1656 2742 doch

125 2772 301 2809 offenbar
347 2773 423 2811 den
464 2777 618 2826 Begriff
655 2776 818 2825 ,immer‘
860 2775 962 2812 noch
1005 2775 1116 2812 mehr
1162 2773 1436 2811 hervorheben
1480 2772 1572 2820 soll,
1618 2773 1658 2809 in

124 2851 284 2878 unserer
313 2840 424 2879 Rede
455 2842 567 2880 5mal
598 2842 828 2892 gebrauoht,
859 2841 1030 2878 namlich
1060 2854 1195 2878 ausser
1226 2855 1260 2877 a.
1292 2853 1330 2877 u.
1356 2839 1412 2876 St.
1443 2838 1468 2888 ξ
1499 2840 1561 2877 16.
1592 2839 1658 2879 42.

125 2906 190 2943 81.
222 2908 312 2957 127,
348 2907 533 2946 wahrend
566 2922 606 2945 er
635 2909 674 2946 in
706 2908 782 2946 den
813 2907 1044 2945 siimtlichen
1074 2906 1242 2956 'librigen
1273 2905 1410 2943 Reden
1442 2919 1515 2942 nur
1544 2905 1657 2942 3mal

1351 2973 1435 3013 16ἒξ
