1820 3068
188 143 240 185 56
590 142 662 177 Pro
689 141 770 177 Sex.
797 141 936 177 Roscio
962 153 991 177 c.
1019 144 1064 179 3o
1091 145 1109 184 ξ
1136 142 1287 178 81-84,

188 253 284 295 huic
315 252 475 295 crimini
505 253 709 306 putabunt
751 253 870 294 fore?
910 253 978 308 qui
1017 266 1099 294 non
1140 252 1264 294 modo
1294 253 1451 294 Romae
1481 265 1563 293 non
1593 251 1683 303 fuit,

188 320 262 362 sed
293 320 478 371 omnino,
511 319 609 371 quid
641 320 797 360 Romae
828 323 1047 371 ageretur,
1079 319 1273 369 nescivit,
1318 323 1542 373 propterea
1572 317 1681 371 quod

187 387 270 428 ruri
301 387 513 438 adsiduus,
546 399 666 438 quem
698 385 751 426 ad
781 384 948 425 modum
980 388 1065 426 tute
1098 384 1319 437 confiteris,
1350 385 1438 426 fuit.

140 465 173 489 ³2
296 454 466 505 Vereor,
497 465 548 492 ne
580 455 650 492 aut
680 452 879 492 molestus
910 451 987 492 sim
1018 451 1150 504 vobis,
1182 451 1353 503 iudices,
1385 459 1455 492 aut
1485 464 1536 492 ne
1566 450 1682 503 inge-

188 519 267 561 niis
298 520 445 561 vestris
475 518 620 558 videar
651 516 854 569 diffidere,
888 518 921 558 si
952 518 1004 559 de
1028 522 1112 559 tam
1133 518 1364 572 perspicuis
1386 518 1509 559 rebus
1530 516 1682 558 diutius

187 586 404 627 disseram.
462 584 583 625 Eruci
625 583 856 624 criminatio
888 587 994 635 tota,
1040 588 1083 625 ut
1121 585 1320 637 arbitror,
1365 585 1570 625 dissoluta
1600 586 1681 634 est3

186 653 266 693 nisi
299 652 404 694 forte
435 650 701 705 exspectatis,
733 653 776 691 ut
804 650 878 691 illa
908 650 1078 702 diluam,
1108 664 1214 704 quae
1246 650 1296 692 de
1322 651 1516 704 peculatu
1551 663 1600 692 ac
1630 649 1682 692 de

187 720 275 760 eius
306 719 417 760 modi
448 718 572 758 rebus
605 716 904 758 commenticiis
935 717 1123 758 inaudita
1154 717 1274 758 nobis
1306 721 1401 758 ante
1422 717 1500 758 hoc
1518 722 1681 771 tempus

187 799 237 827 ac
266 798 375 826 nova
408 783 579 835 obiecit3
620 795 727 836 quae
760 782 860 823 mihi
892 783 969 823 iste
1001 783 1115 824 visus
1146 788 1209 824 est
1240 797 1291 824 ex
1321 783 1464 836 aliqua
1494 782 1682 825 oratione

186 852 446 902 declamare,
492 863 615 902 quam
655 849 696 889 in
726 849 852 889 alium
892 863 1006 890 reum
1044 854 1414 901 commentaretur3
1459 850 1518 890 ita
1548 863 1682 903 neque

186 919 239 959 ad
273 918 425 958 crimen
459 915 671 970 parricidii
709 928 842 968 neque
876 916 929 956 ad
962 929 1074 966 eum,
1106 916 1175 969 qui
1207 929 1376 958 causam
1408 916 1526 967 dicit,
1556 916 1682 971 perti-

184 985 359 1034 nebant3
391 983 441 1024 de
473 983 622 1035 quibus
653 982 848 1036 quoniam
880 983 1008 1024 verbo
1040 983 1196 1036 arguit,
1229 983 1356 1024 verbo
1387 983 1489 1024 satis
1521 987 1584 1025 est
1612 996 1682 1025 ne-

185 1064 299 1104 gare.
360 1049 404 1090 Si
436 1048 534 1102 quid
565 1053 645 1100 est,
685 1048 795 1102 quod
826 1048 880 1089 ad
909 1053 1037 1090 testes
1068 1054 1273 1098 reservet,
1310 1049 1366 1090 ibi
1398 1063 1561 1103 quoque
1591 1063 1681 1104 nOS,

184 1122 228 1158 ut
258 1116 299 1157 in
330 1116 424 1170 ipsa
455 1127 595 1167 causa,
628 1115 862 1168 paratiores
894 1116 1086 1169 reperiet,
1118 1129 1241 1169 quam
1272 1117 1460 1170 putabat.

137 1233 170 1257 83
293 1216 431 1257 XXX.
490 1216 622 1257 Venio
653 1228 762 1256 nunc
794 1229 861 1267 eo,
893 1229 973 1269 quo
1004 1230 1069 1258 me
1101 1229 1183 1257 non
1215 1217 1421 1270 cupiditas
1451 1216 1576 1270 ducit,
1607 1216 1683 1258 sed

183 1283 300 1325 fides.
357 1283 464 1323 Nam
497 1282 531 1323 si
562 1281 663 1323 mihi
693 1282 841 1323 liberet
872 1295 1091 1335 accusare,
1124 1296 1364 1324 accusarem
1396 1283 1501 1325 alios
1531 1283 1682 1337 potius,

185 1364 235 1392 ex
267 1350 416 1402 quibus
447 1361 614 1402 possem
647 1361 859 1398 crescere3
895 1349 1005 1401 quod
1037 1354 1192 1390 certum
1219 1354 1281 1390 est
1298 1362 1378 1390 non
1401 1349 1554 1401 facere,
1584 1349 1682 1391 dum

183 1416 385 1457 utrumvis
416 1415 571 1456 licebit.
632 1415 672 1455 Is
705 1416 813 1456 enim
844 1415 945 1456 mihi
976 1415 1139 1456 videtur
1169 1416 1474 1470 amplissimus,
1506 1416 1575 1469 qui
1605 1429 1683 1457 sua

183 1483 333 1525 virtute
363 1481 404 1523 in
436 1482 626 1522 altiorem
656 1482 792 1523 locum
823 1482 1025 1535 pervenit,
1057 1495 1139 1523 non
1170 1483 1239 1535 qui
1270 1483 1459 1524 ascendit
1484 1496 1557 1537 per
1580 1483 1680 1525 alte-

186 1550 271 1590 rius
302 1547 609 1590 incommodum
655 1552 694 1589 et
725 1547 1019 1589 calamitatem.
1080 1549 1331 1590 Desinamus
1371 1549 1596 1602 aliquando
1632 1562 1683 1590 ea

185 1616 374 1666 scrutari,
406 1627 513 1668 quae
545 1619 639 1655 sunt
668 1613 828 1665 inania;
875 1627 1123 1667 quaeramus
1154 1615 1210 1656 ibi
1240 1615 1510 1667 maleficium,
1542 1615 1613 1656 ubi
1643 1619 1684 1657 et

185 1687 248 1724 est
279 1687 318 1723 et
347 1681 523 1722 inveniri
557 1686 715 1735 potest,
764 1682 847 1722 iam
877 1681 1119 1734 intelleges,
1156 1682 1301 1734 Eruci,
1342 1687 1496 1724 certum
1527 1683 1682 1724 crimen

185 1762 309 1801 quam
341 1748 480 1788 multis
514 1747 822 1801 suspicionibus
864 1753 1135 1800 coarguatur3
1181 1748 1346 1789 tametsi
1378 1761 1511 1801 neque
1542 1749 1682 1789 omnia

184 1815 321 1856 dicam
353 1819 392 1855 et
421 1814 567 1855 leviter
598 1827 721 1855 unum
761 1813 943 1867 quidque
985 1818 1169 1867 tangam.
1228 1815 1375 1867 Neque
1407 1816 1516 1855 enim
1546 1815 1589 1855 id
1621 1815 1681 1856 fa-

185 1894 333 1929 cerem,
366 1880 445 1920 nisi
476 1893 648 1922 necesse
680 1885 804 1930 esset,
839 1884 878 1921 et
908 1880 949 1921 id
981 1880 1057 1922 erit
1087 1881 1195 1934 signi
1227 1894 1292 1922 me
1323 1881 1495 1922 invitum
1526 1881 1680 1934 facere,

184 1946 295 1999 quod
326 1959 408 1986 non
438 1959 667 2000 persequar
697 1947 885 2000 longius,
932 1960 1055 2000 quam
1086 1948 1200 1988 salus
1231 1947 1351 1988 huius
1382 1951 1422 1988 et
1450 1961 1544 1989 mea
1576 1946 1680 1989 fides

182 2012 424 2067 postulabit.

135 2093 169 2117 84
292 2078 472 2119 Causam
503 2083 545 2120 tu
576 2079 732 2119 nullam
756 2078 997 2132 reperiebas
1018 2079 1058 2120 in
1078 2080 1174 2121 Sex.
1195 2079 1364 2131 Roscio3
1396 2084 1439 2121 at
1468 2093 1547 2134 ego
1570 2079 1611 2121 in
1630 2080 1677 2121 T.

181 2146 331 2186 Roscio
348 2145 522 2199 reperio.
553 2145 708 2186 Tecum
725 2146 832 2187 enim
852 2146 951 2186 mihi
969 2159 1035 2187 res
1055 2151 1129 2197 est,
1150 2146 1195 2186 T.
1216 2146 1352 2198 Rosci,
1373 2147 1568 2198 quoniam
1586 2147 1679 2188 istic

181 2211 303 2253 sedes
334 2224 383 2252 ac
412 2215 451 2252 te
483 2212 623 2266 palam
653 2212 940 2253 adversarium
973 2225 1065 2253 esse
1103 2212 1320 2265 profiteris.
1380 2213 1443 2253 De
1475 2212 1677 2266 Capitone

180 2283 275 2331 post
304 2277 543 2328 viderimus,
576 2278 623 2330 si,
657 2291 778 2331 quem
803 2278 856 2319 ad
878 2278 1045 2319 modum
1070 2284 1260 2332 paratum
1281 2291 1371 2320 csse
1393 2278 1530 2329 audio,
1561 2279 1677 2321 testis

277 2496 418 2530 Testim.
445 2500 510 2530 ret.

274 2554 392 2588 Sclzol.
425 2555 488 2588 Gr.

272 2613 366 2656 Kap.
393 2613 496 2647 XXX
524 2613 614 2653 ξ83.
641 2612 922 2647 Desinamus
949 2611 1209 2656 aliquando
1237 2621 1290 2646 ea
1319 2613 1533 2657 scrutari]
1565 2613 1675 2648 Modo

177 2671 456 2706 translationem
484 2669 573 2705 facit
599 2681 620 2704 a
647 2670 784 2705 furtiva
809 2682 861 2706 re.
911 2671 1161 2715 Proposuerat
1188 2670 1339 2715 Cicero,
1379 2677 1419 2706 ut
1443 2671 1489 2706 de
1516 2671 1674 2717 Chryso-

177 2730 264 2773 goni
291 2729 460 2773 potentia
487 2729 636 2764 diceret.
687 2729 762 2764 Sed
789 2730 875 2773 quia
900 2730 994 2764 vidit
1021 2729 1263 2773 superfluum,
1291 2729 1361 2765 hoc
1389 2730 1497 2765 dixit:
1526 2730 1674 2766 desina-

176 2797 253 2821 mus
282 2797 325 2821 ea
352 2797 551 2832 quaerere,
579 2798 674 2832 quae
701 2793 786 2823 sunt
806 2789 949 2833 inania3
986 2789 1033 2823 ad
1070 2788 1205 2823 crimen
1241 2789 1453 2832 veniamus,
1494 2789 1593 2833 quod
1619 2790 1672 2824 in—

176 2845 291 2879 veniri
317 2850 455 2890 potest,
485 2845 522 2880 id
549 2853 617 2890 est,
647 2847 708 2890 qui
734 2848 896 2891 potuerit
921 2848 1091 2882 occidere
1118 2846 1307 2883 Roscium.
