1945 3073
293 143 369 184 1458
864 141 1012 187 Rapite}
1041 141 1104 177 V11
1131 146 1150 184 g
1176 142 1232 178 20.

289 269 331 293 so
362 257 400 305 3,
433 258 469 304 8,
501 257 524 293 2
554 255 613 303 ,R
645 255 827 293 Valerius
857 254 1067 292 Publicola
1095 254 1247 292 tertio
1279 253 1357 290 die
1388 266 1524 304 quam
1555 253 1822 302 interregnum

288 323 453 373 inierat,
497 321 676 360 consules
708 322 848 368 creat‘3
894 321 941 360 cf.
974 321 1024 359 ib.
1059 322 1123 368 33,
1158 322 1201 368 13
1239 322 1277 369 4,
1309 323 1344 368 7,
1377 320 1413 358 3.
1444 320 1508 367 47,
1541 321 1578 357 6.
1609 320 1672 367 21,
1705 319 1768 367 15,
1798 319 1822 356 3

287 402 325 427 u.
344 404 378 428 0.
400 388 547 426 Sallust
567 388 633 425 hat
663 388 729 424 ihn
749 388 850 426 ohne
868 387 1074 438 folgendes
1094 386 1252 424 Relativ
1281 401 1314 425 z,
1333 386 1377 425 B.
1402 385 1500 435 Jug.
1532 386 1624 436 35,9
1654 386 1823 435 paucis

288 454 466 492 diebus
497 454 695 505 profectus
733 461 810 501 est,
850 454 947 492 ibid.
974 455 1046 501 38,
1077 454 1100 490 9
1144 459 1187 491 ut
1226 452 1403 490 diebus
1445 451 1606 489 decem
1636 450 1825 488 Numidia

288 520 496 558 decederet
527 519 698 571 „binnen
731 519 767 557 d.
798 519 836 558 h.
866 520 966 556 nach
993 519 1146 556 Ablauf
1170 532 1248 557 von
1280 520 1331 556 10
1348 519 1528 568 Tagen“.
1572 517 1705 555 Selten
1735 517 1823 554 sind

288 586 352 623 die
381 585 551 634 Stellen,
599 599 648 622 an
694 585 822 623 denen
867 585 936 623 der
975 584 1375 635 Anfangspunkt
1423 586 1530 622 einer
1569 584 1656 621 Zeit
1699 583 1823 620 durch

289 652 423 689 diesen
454 651 617 688 Ablativ
655 651 888 689 bezeichnet
925 651 1080 688 werden
1121 651 1214 699 soll,
1258 652 1331 687 wie
1362 649 1442 688 Cic.
1476 649 1588 688 Verr.
1619 650 1675 687 IV
1714 650 1740 700 ξ
1771 651 1822 688 39

290 717 560 768 ,responderet
604 717 702 754 illud
748 724 953 768 argentum
984 731 1025 755 se
1070 717 1246 767 paucis
1290 716 1396 753 illis
1447 715 1626 754 diebus
1670 716 1824 753 misisse

286 783 537 833 Lilybaeum‘
569 783 604 821 d.
638 783 676 819 h.
707 797 794 820 vor
826 784 1003 834 wenigen
1031 783 1185 833 Tagen.
1216 807 1265 811 —
1296 782 1331 822 in
1358 784 1476 823 casira
1504 781 1543 824 L.
1575 780 1693 822 Sullae
1721 780 1823 822 Vola-

286 847 420 901 terras]
468 848 653 887 Genauer
689 849 811 887 heisst
848 864 888 887 es
929 849 954 900 ξ
989 851 1063 888 105
1096 849 1169 900 ,ad
1198 850 1497 888 Volaterras
1537 849 1577 885 in
1620 855 1748 886 castra
1774 848 1821 888 L.

286 915 421 953 Sullae
459 929 562 953 mors
593 945 602 954 .
636 944 644 953 .
678 915 939 966 Chrysogono
983 916 1111 969 (nicht
1149 916 1206 954 ad
1238 915 1453 966 Chrysog.,
1498 916 1569 953 wie
1608 928 1644 952 a.
1674 929 1712 954 u.
1746 914 1821 967 St.)

286 982 513 1030 nuntiatur‘,
546 981 646 1019 cloch
665 982 745 1032 vgl.
769 982 855 1020 Liv.
884 985 919 1032 1,
945 984 1009 1031 59,
1035 984 1084 1020 12
1114 983 1341 1030 ,Ardeam
1372 983 1417 1019 in
1449 988 1617 1019 castra
1647 988 1704 1020 est
1734 995 1823 1033 pro-

286 1048 425 1086 fectus‘
455 1062 493 1085 u.
527 1048 612 1088 daz.
646 1049 867 1088 Weissenb.
907 1073 954 1078 —
999 1049 1301 1087 Volaterrae
1333 1046 1447 1101 (jetzt
1476 1045 1676 1099 Volterra)
1708 1048 1823 1086 stand

285 1114 357 1151 auf
383 1114 489 1152 Seite
534 1114 602 1152 des
633 1115 782 1153 Marius
827 1129 956 1166 gegen
987 1115 1098 1153 Sulla
1142 1115 1224 1153 und
1268 1115 1401 1153 wurde
1444 1129 1521 1153 von
1561 1115 1708 1153 diesem
1747 1121 1824 1153 erst

285 1180 387 1218 nach
418 1181 692 1231 zweijahriger
722 1181 977 1232 Belagerung
1006 1184 1058 1220 im
1087 1180 1126 1222 J.
1159 1184 1208 1221 79
1247 1182 1425 1231 erobert‚
1468 1181 1550 1231 vgl.
1583 1181 1659 1219 den
1689 1181 1821 1220 Schol.

286 1246 356 1286 Gr.
394 1247 474 1284 und
519 1247 582 1285 die
628 1247 716 1285 dort
754 1249 904 1286 citierte
935 1248 1058 1286 Stelle
1096 1262 1165 1285 aus
1196 1248 1338 1286 Strabo
1368 1248 1416 1297 V,
1448 1250 1485 1298 2,
1516 1250 1554 1287 6.
1588 1270 1631 1275 --
1681 1244 1821 1300 fundos]

285 1313 412 1352 Unter
442 1314 626 1351 fundus
657 1327 737 1351 war
768 1315 818 1351 im
850 1315 932 1351 XI]
962 1314 1216 1365 Tafelgesetz
1249 1314 1387 1352 Grund
1418 1314 1497 1351 und
1529 1314 1665 1352 Boden
1697 1313 1824 1351 ohne

286 1380 529 1418 Gebaude
567 1381 803 1418 verstanden
847 1380 946 1433 (Cic.
987 1382 1088 1431 Top.
1122 1382 1216 1433 23);
1261 1386 1392 1432 spater
1430 1380 1578 1431 jedoch
1615 1380 1835 1419 bedentete—

286 1447 356 1485 das
387 1447 501 1485 Wort
543 1448 615 1485 wie
656 1461 774 1485 unser
815 1446 1123 1497 „Grundst'uck“
1172 1447 1320 1485 sowohl
1358 1446 1722 1498 Landgrundstiick
1765 1446 1823 1484 als

286 1513 505 1562 Gebaude,
548 1513 630 1563 vgl.
668 1514 761 1563 Dig.
800 1514 868 1554 lib.
908 1515 972 1563 59,
1005 1516 1067 1559 16,
1098 1515 1175 1551 211
1208 1515 1365 1562 ,fundi
1405 1514 1671 1565 appellatione
1710 1526 1824 1551 omne

286 1580 507 1617 aedificium
541 1586 579 1618 et
609 1581 734 1618 omnis
765 1594 860 1631 ager
893 1582 1136 1627 continetur,
1182 1581 1251 1618 sed
1288 1582 1327 1618 in
1358 1594 1430 1618 usu
1460 1580 1614 1617 urbana
1643 1578 1826 1616 aedificia

285 1645 453 1695 aedes,
491 1646 638 1684 rustica
668 1646 829 1684 villae
869 1647 1143 1698 appellantur:
1189 1647 1297 1684 locus
1328 1661 1420 1685 vero
1460 1648 1544 1684 sine
1574 1646 1754 1684 aedificio
1784 1647 1824 1683 in

285 1712 383 1751 urbe
413 1726 553 1761 area,
583 1726 674 1750 rure
703 1719 833 1751 autem
864 1727 986 1764 ager
1016 1714 1250 1765 appellatur,
1281 1713 1465 1765 idemque
1490 1727 1584 1763 ager
1608 1726 1694 1750 cum
1717 1711 1824 1750 aedi-

284 1780 372 1816 ficio
403 1779 586 1817 fundus
619 1779 787 1817 dicitur‘.
826 1803 879 1807 —
917 1779 1033 1836 decem
1063 1782 1097 1820 et
1126 1777 1212 1834 ires]
1254 1779 1398 1818 ebenso
1429 1780 1455 1831 ξ
1486 1781 1536 1818 99
1577 1779 1633 1818 de
1662 1778 1824 1816 tribus

286 1852 331 1882 et
361 1845 528 1883 decem
560 1852 654 1883 statt
690 1846 955 1895 tredecim,
1001 1847 1088 1885 weil
1120 1846 1201 1884 Cic.
1245 1846 1308 1884 die
1340 1846 1423 1884 drei
1455 1845 1600 1896 Giiter,
1641 1845 1704 1883 die
1735 1845 1823 1883 dem

287 1911 427 1963 Capito
459 1912 639 1960 zufielen,
671 1913 1072 1952 auseinanderhalten
1102 1913 1182 1950 will
1211 1927 1288 1950 von
1320 1912 1396 1950 den
1425 1912 1524 1949 zehn
1546 1912 1728 1963 iffirigen,
1760 1911 1824 1950 die

285 1980 335 2016 T.
380 1979 546 2017 Roscius
588 1979 758 2029 Magnus
809 1979 893 2017 sich
947 1981 1169 2031 aneignete.
1236 1979 1461 2029 Uebrigens
1505 1980 1554 2016 ist
1600 1978 1708 2016 diese
1750 1978 1826 2014 Art

287 2044 357 2083 der
387 2046 791 2097 Zusammensetzung
819 2060 897 2084 von
926 2047 1195 2085 Zahlw‘ortern
1234 2046 1415 2084 ziemlich
1454 2045 1601 2096 selten,
1647 2043 1825 2082 wiewohl

286 2111 478 2148 Priscian.
510 2111 558 2149 de
588 2111 654 2162 fig.
686 2126 834 2153 numer,
865 2115 903 2162 4,
937 2115 985 2151 19
1017 2113 1197 2151 bemerkt
1226 2113 1331 2162 ,licet
1349 2119 1479 2150 tamen
1502 2118 1540 2150 et
1558 2117 1824 2163 praepostere,

286 2178 456 2215 maxime
487 2178 761 2217 coniunctione
792 2180 1042 2230 interposita,
1086 2180 1184 2217 haec
1220 2179 1417 2230 proferre,
1463 2178 1598 2217 decem
1628 2185 1666 2216 et
1692 2190 1825 2227 unum,

289 2243 423 2281 decem
461 2250 498 2281 et
539 2244 647 2294 duo‘,
694 2259 754 2282 am
795 2245 1017 2295 haufigsten
1063 2246 1126 2283 bei
1156 2246 1313 2294 Livius,
1362 2245 1443 2295 vgl.
1484 2244 1698 2283 ebendens.
1729 2244 1825 2283 Inst.

289 2323 452 2359 gramm.
494 2311 555 2356 18,
588 2311 651 2358 21,
686 2312 763 2349 172
806 2311 954 2358 ,Livius
998 2312 1224 2363 frequenter
1262 2313 1379 2349 etiam
1423 2312 1506 2349 sine
1552 2309 1826 2348 coniunctione

289 2375 576 2426 septemdecem
605 2383 642 2413 et
667 2376 988 2428 decemseptem‘3
1020 2378 1066 2417 cf.
1091 2379 1204 2416 Neue
1226 2377 1425 2415 F.ormenl
1445 2377 1482 2413 II
1512 2391 1549 2427 p.
1574 2377 1662 2424 150,
1693 2375 1825 2413 Krebs

288 2442 424 2479 Antib.
465 2456 493 2481 3.
527 2456 563 2480 v
611 2442 772 2480 decem
816 2451 859 2481 et
899 2450 1087 2496 septem
1133 2444 1213 2481 und
1259 2445 1322 2482 fur
1360 2444 1496 2481 Livius
1533 2442 1719 2479 Kiihnast
1757 2442 1823 2481 liv.

289 2507 403 2558 Synt.
413 2505 429 2529 2
474 2522 512 2559 p.
544 2509 595 2546 37
642 2508 722 2545 und
751 2509 974 2557 Richter
1016 2510 1179 2560 Beitrag
1215 2524 1302 2547 zum
1335 2508 1571 2548 Gebrauche
1610 2508 1678 2546 des
1709 2507 1825 2545 Zahl-

290 2581 429 2612 wortes
460 2575 511 2611 im
541 2574 819 2612 Lateinischen
859 2576 887 2623 Ι,
919 2590 956 2626 p.
989 2577 1026 2626 2,
1075 2576 1122 2616 G
1153 2577 1198 2613 P.
1231 2576 1466 2625 Oldenburg
1507 2576 1626 2613 1880.
1669 2597 1717 2602 —
1767 2572 1826 2627 qui

290 2639 439 2680 Tiberim
466 2638 541 2680 fere
571 2652 687 2680 omnes
717 2638 881 2694 tangunt]
932 2642 980 2681 ef.
1010 2642 1113 2682 Plin.
1146 2656 1207 2693 ep.
1240 2643 1287 2691 V,
1319 2645 1356 2692 6,
1388 2644 1412 2680 5
1442 2641 1606 2691 ‚medios
1643 2640 1712 2678 ille
1746 2639 1824 2692 (sc.

288 2706 466 2757 Tiberis)
500 2720 615 2756 agros
641 2713 768 2757 secat,
800 2708 959 2745 navium
990 2709 1156 2759 patiens,
1188 2722 1401 2760 omnesque
1431 2708 1564 2758 fruges
1596 2706 1756 2745 devehit
1783 2706 1825 2743 in

289 2772 461 2822 urbem‘3
492 2771 700 2811 Columell.
731 2772 763 2824 I,
795 2775 818 2810 2
849 2773 970 2825 ,quod
1000 2776 1031 2811 si
1063 2780 1153 2812 voto
1183 2774 1341 2813 fortuna
1369 2774 1655 2824 subscripserit,
1686 2785 1825 2822 agrum

289 2838 524 2876 habebimus
555 2867 564 2876 .
597 2870 605 2879 .
638 2869 646 2878 .
677 2839 827 2877 salubri
857 2840 965 2878 caelo
997 2869 1005 2877 .
1038 2871 1047 2880 .
1080 2870 1088 2878 .
1119 2855 1193 2879 nec
1226 2841 1364 2892 procul
1411 2855 1433 2878 a
1468 2841 1566 2878 mari
1597 2845 1664 2877 aut
1692 2838 1825 2876 navi-

292 2905 456 2956 gabili
487 2905 722 2956 flumine,
762 2920 854 2958 quo
893 2906 1155 2958 deportari
1186 2908 1333 2946 fructus
1374 2915 1410 2946 et
1440 2922 1509 2960 per
1539 2906 1644 2959 quod
1676 2917 1824 2943 merces
